Ts,Symbol,Price,Volume,,,
2004/06/17 10:00:00,EBAY,30.44,100,,,
2004/06/17 10:00:04,FILE,6.49,100,,,
2004/06/17 10:00:05,IBM,75.08,1000,,,
2004/06/17 10:00:09,IBM,75.15,9800,,,
2004/06/17 10:00:13,SWY,21.7,400,,,
2004/06/17 10:00:14,MW,37.08,200,,,
2004/06/17 10:00:15,EBAY,30.5,1000,,,
2004/06/17 10:00:17,AAPL,35,2200,,,
2004/06/17 10:00:20,EBAY,29.95,500,,,
2004/06/17 10:00:21,MSFT,24.97,20000,,,
2004/06/17 10:00:22,MSFT,22.11,20000,,,
2004/06/17 10:00:24,JPM,36.25,100,,,
2004/06/17 10:00:26,JPM,36.35,100,,,
2004/06/17 10:00:28,FILE,6.4,100,,,
2004/06/17 10:00:29,MRK,34,400,,,
2004/06/17 10:00:34,SWY,21.8,1000,,,
2004/06/17 10:00:36,MRK,34.1,100,,,
2004/06/17 10:00:38,MRK,34.1,4500,,,
2004/06/17 10:00:39,MRK,33.9,100,,,
2004/06/17 10:00:42,MRK,34.05,1100,,,
2004/06/17 10:00:44,IBM,75.25,20000,,,
2004/06/17 10:00:48,PFE,28.3,200,,,
2004/06/17 10:00:50,EBAY,30.6,20000,,,
2004/06/17 10:00:52,AAPL,35.15,20000,,,
2004/06/17 10:00:53,SWY,21.55,300,,,
2004/06/17 10:00:54,EBAY,30.44,2200,,,
2004/06/17 10:00:58,FILE,6.49,100,,,
2004/06/17 10:01:00,IBM,75.08,100,,,
2004/06/17 10:01:00,IBM,75.15,1300,,,
2004/06/17 10:01:03,SWY,21.7,1300,,,
2004/06/17 10:01:06,MW,37.08,300,,,
2004/06/17 10:01:09,EBAY,30.5,3000,,,
2004/06/17 10:01:12,AAPL,35,100,,,
2004/06/17 10:01:13,EBAY,29.95,200,,,
2004/06/17 10:01:14,MSFT,24.97,100,,,
2004/06/17 10:01:15,MSFT,24.97,100,,,
2004/06/17 10:01:18,JPM,36.25,200,,,
2004/06/17 10:01:19,JPM,36.35,1000,,,
2004/06/17 10:01:21,FILE,6.4,450,,,
2004/06/17 10:01:23,MRK,34,300,,,
2004/06/17 10:01:27,SWY,21.8,100,,,
2004/06/17 10:01:28,MRK,34.1,100,,,
2004/06/17 10:01:31,MRK,34.1,400,,,
2004/06/17 10:01:33,MRK,33.9,500,,,
2004/06/17 10:01:34,MRK,34.05,3000,,,
2004/06/17 10:01:38,IBM,75.25,1100,,,
2004/06/17 10:01:40,PFE,28.3,100,,,
2004/06/17 10:01:45,EBAY,30.6,100,,,
2004/06/17 10:01:48,AAPL,35.15,300,,,
2004/06/17 10:01:50,SWY,21.55,200,,,
2004/06/17 10:01:52,JPM,36.35,500,,,
2004/06/17 10:01:54,FILE,6.4,400,,,
2004/06/17 10:01:56,MRK,34,100,,,
2004/06/17 10:02:00,SWY,21.8,100,,,
2004/06/17 10:02:01,MRK,34.1,3000,,,
2004/06/17 10:02:02,MRK,34.1,100,,,
2004/06/17 10:02:04,MRK,33.9,200,,,
2004/06/17 10:02:07,MRK,34.05,100,,,
2004/06/17 10:02:10,IBM,75.25,300,,,
2004/06/17 10:02:13,PFE,28.3,20000,,,
2004/06/17 10:02:17,EBAY,30.6,20000,,,
2004/06/17 10:02:18,AAPL,35.15,200,,,
2004/06/17 10:02:23,SWY,21.55,100,,,
2004/06/17 10:02:23,EBAY,30.44,400,,,
2004/06/17 10:02:28,FILE,6.49,3000,,,
2004/06/17 10:02:32,IBM,75.08,9800,,,
2004/06/17 10:02:34,IBM,75.15,2500,,,
2004/06/17 10:02:36,SWY,21.7,3000,,,
2004/06/17 10:02:40,MW,37.08,100,,,
2004/06/17 10:02:43,EBAY,30.5,300,,,
2004/06/17 10:02:45,AAPL,35,20000,,,
2004/06/17 10:02:48,EBAY,29.95,20000,,,
2004/06/17 10:02:53,MSFT,24.97,200,,,
2004/06/17 10:02:56,MSFT,24.97,100,,,
2004/06/17 10:03:01,JPM,36.25,400,,,
2004/06/17 10:03:02,JPM,36.35,3000,,,
2004/06/17 10:03:05,FILE,6.4,9800,,,
2004/06/17 10:03:07,MRK,34,2500,,,
2004/06/17 10:03:09,SWY,21.8,3000,,,
2004/06/17 10:03:12,IBM,75.08,250,,,
2004/06/17 10:03:15,IBM,75.15,2500,,,
2004/06/17 10:03:18,SWY,21.7,600,,,
2004/06/17 10:03:21,MW,37.08,20000,,,
2004/06/17 10:03:22,EBAY,30.5,300,,,
2004/06/17 10:03:26,AAPL,35,20000,,,
2004/06/17 10:03:27,EBAY,29.95,1000,,,
2004/06/17 10:03:30,MSFT,24.97,1000,,,
2004/06/17 10:03:31,MSFT,24.97,300,,,
2004/06/17 10:03:32,JPM,36.25,300,,,
2004/06/17 10:03:33,JPM,36.35,1800,,,
2004/06/17 10:03:38,FILE,6.4,100,,,
2004/06/17 10:03:39,MRK,34,600,,,
2004/06/17 10:03:40,SWY,21.8,100,,,
2004/06/17 10:03:43,MRK,34.1,20000,,,
2004/06/17 10:03:47,MRK,34.1,100,,,
2004/06/17 10:03:48,MRK,33.9,800,,,
2004/06/17 10:03:50,MRK,34.05,300,,,
2004/06/17 10:03:51,IBM,75.25,200,,,
2004/06/17 10:03:52,PFE,28.3,2000,,,
2004/06/17 10:03:55,EBAY,30.6,400,,,
2004/06/17 10:03:57,AAPL,35.15,500,,,
2004/06/17 10:03:58,SWY,21.55,100,,,
2004/06/17 10:03:59,EBAY,30.44,20000,,,
2004/06/17 10:04:04,FILE,6.49,20000,,,
2004/06/17 10:04:05,IBM,75.08,20000,,,
2004/06/17 10:04:06,IBM,75.15,200,,,
2004/06/17 10:04:07,SWY,21.7,100,,,
2004/06/17 10:04:08,MW,37.08,500,,,
2004/06/17 10:04:10,EBAY,30.5,200,,,
2004/06/17 10:04:11,AAPL,35,100,,,
2004/06/17 10:04:14,EBAY,29.95,100,,,
2004/06/17 10:04:18,MSFT,24.97,100,,,
2004/06/17 10:04:22,MSFT,24.97,100,,,
2004/06/17 10:04:26,JPM,36.25,200,,,
2004/06/17 10:04:30,IBM,75.08,200,,,
2004/06/17 10:04:30,IBM,75.15,20000,,,
2004/06/17 10:04:31,SWY,21.7,100,,,
2004/06/17 10:04:36,MW,37.08,20000,,,
2004/06/17 10:04:39,EBAY,30.5,1900,,,
2004/06/17 10:04:43,AAPL,35,100,,,
2004/06/17 10:04:45,EBAY,29.95,100,,,
2004/06/17 10:04:49,MSFT,24.97,2100,,,
2004/06/17 10:04:54,MSFT,24.97,100,,,
2004/06/17 10:04:55,JPM,36.25,1000,,,
2004/06/17 10:04:57,JPM,36.35,200,,,
2004/06/17 10:05:00,FILE,6.4,700,,,
2004/06/17 10:05:02,MRK,34,20000,,,
2004/06/17 10:05:06,SWY,21.8,2000,,,
2004/06/17 10:05:08,IBM,75.08,2200,,,
2004/06/17 10:05:09,IBM,75.15,1500,,,
2004/06/17 10:05:14,SWY,21.7,20000,,,
2004/06/17 10:05:14,MW,37.08,100,,,
2004/06/17 10:05:15,EBAY,30.5,100,,,
2004/06/17 10:05:19,AAPL,35,100,,,
2004/06/17 10:05:21,EBAY,29.95,200,,,
2004/06/17 10:05:22,MSFT,24.97,100,,,
2004/06/17 10:05:26,MSFT,24.97,200,,,
2004/06/17 10:05:28,JPM,36.25,500,,,
2004/06/17 10:05:31,JPM,36.35,200,,,
2004/06/17 10:05:34,FILE,6.4,100,,,
2004/06/17 10:05:37,EBAY,30.44,2100,,,
2004/06/17 10:05:39,FILE,6.49,3000,,,
2004/06/17 10:05:42,IBM,75.08,500,,,
2004/06/17 10:05:44,IBM,75.15,4500,,,
2004/06/17 10:05:46,SWY,21.7,700,,,
2004/06/17 10:05:47,MW,37.08,2100,,,
2004/06/17 10:05:52,EBAY,30.5,850,,,
2004/06/17 10:05:53,AAPL,35,2100,,,
2004/06/17 10:05:54,EBAY,29.95,200,,,
2004/06/17 10:05:55,MSFT,24.97,500,,,
2004/06/17 10:05:57,MSFT,24.97,100,,,
2004/06/17 10:05:59,JPM,36.25,100,,,
2004/06/17 10:06:02,JPM,36.35,1500,,,
2004/06/17 10:06:06,FILE,6.4,100,,,
2004/06/17 10:06:09,MRK,34,300,,,
2004/06/17 10:06:13,SWY,21.8,100,,,
2004/06/17 10:06:16,FILE,6.49,100,,,
2004/06/17 10:06:18,IBM,75.08,100,,,
2004/06/17 10:06:22,IBM,75.15,100,,,
2004/06/17 10:06:24,SWY,21.7,200,,,
2004/06/17 10:06:24,MW,37.08,100,,,
2004/06/17 10:06:29,EBAY,30.5,600,,,
2004/06/17 10:06:33,AAPL,35,100,,,
2004/06/17 10:06:37,EBAY,29.95,1500,,,
2004/06/17 10:06:38,MSFT,24.97,400,,,
2004/06/17 10:06:42,MSFT,24.97,100,,,
2004/06/17 10:06:43,JPM,36.25,200,,,
2004/06/17 10:06:44,JPM,36.35,100,,,
2004/06/17 10:06:47,FILE,6.4,100,,,
2004/06/17 10:06:49,MRK,34,700,,,
2004/06/17 10:06:53,SWY,21.8,2100,,,
2004/06/17 10:06:57,MRK,34.1,100,,,
2004/06/17 10:07:02,MRK,34.1,100,,,
2004/06/17 10:07:05,MRK,33.9,200,,,
2004/06/17 10:07:08,MRK,34.05,200,,,
2004/06/17 10:07:10,IBM,75.25,200,,,
2004/06/17 10:07:13,PFE,28.3,200,,,
2004/06/17 10:07:15,EBAY,30.6,2600,,,
2004/06/17 10:07:16,AAPL,35.15,400,,,
2004/06/17 10:07:17,SWY,21.55,100,,,
2004/06/17 10:07:21,EBAY,30.44,100,,,
2004/06/17 10:07:25,FILE,6.49,100,,,
2004/06/17 10:07:29,IBM,75.08,2500,,,
2004/06/17 10:07:32,IBM,75.15,200,,,
2004/06/17 10:07:34,SWY,21.7,100,,,
2004/06/17 10:07:38,MW,37.08,1000,,,
2004/06/17 10:07:40,EBAY,30.5,100,,,
2004/06/17 10:07:44,AAPL,35,100,,,
2004/06/17 10:07:48,EBAY,29.95,600,,,
2004/06/17 10:07:52,MSFT,24.97,300,,,
2004/06/17 10:07:53,MSFT,24.97,100,,,
2004/06/17 10:07:57,JPM,36.25,100,,,
2004/06/17 10:07:59,JPM,36.35,400,,,
2004/06/17 10:08:03,FILE,6.4,500,,,
2004/06/17 10:08:06,MRK,34,3000,,,
2004/06/17 10:08:11,SWY,21.8,1100,,,
2004/06/17 10:08:14,MRK,34.1,100,,,
2004/06/17 10:08:15,MRK,34.1,100,,,
2004/06/17 10:08:16,MRK,33.9,300,,,
2004/06/17 10:08:20,MRK,34.05,200,,,
2004/06/17 10:08:25,IBM,75.25,500,,,
2004/06/17 10:08:27,PFE,28.3,400,,,
2004/06/17 10:08:31,EBAY,30.6,100,,,
2004/06/17 10:08:34,AAPL,35.15,300,,,
2004/06/17 10:08:38,SWY,21.55,100,,,
2004/06/17 10:08:40,JPM,36.35,100,,,
2004/06/17 10:08:44,FILE,6.4,400,,,
2004/06/17 10:08:48,MRK,34,500,,,
2004/06/17 10:08:52,SWY,21.8,3000,,,
2004/06/17 10:08:54,MRK,34.1,1100,,,
2004/06/17 10:08:56,MRK,34.1,100,,,
2004/06/17 10:08:57,MRK,33.9,100,,,
2004/06/17 10:09:00,MRK,34.05,300,,,
2004/06/17 10:09:04,IBM,75.25,200,,,
2004/06/17 10:09:07,PFE,28.3,500,,,
2004/06/17 10:09:10,EBAY,30.6,400,,,
2004/06/17 10:09:11,AAPL,35.15,100,,,
2004/06/17 10:09:12,SWY,21.55,100,,,
2004/06/17 10:09:16,EBAY,30.44,3000,,,
2004/06/17 10:09:17,FILE,6.49,100,,,
2004/06/17 10:09:18,IBM,75.08,200,,,
2004/06/17 10:09:19,IBM,75.15,2100,,,
2004/06/17 10:09:22,SWY,21.7,100,,,
2004/06/17 10:09:26,MW,37.08,500,,,
2004/06/17 10:09:29,EBAY,30.5,2200,,,
2004/06/17 10:09:33,AAPL,35,300,,,
2004/06/17 10:09:34,EBAY,29.95,2500,,,
2004/06/17 10:09:37,MSFT,24.97,4500,,,
2004/06/17 10:09:41,MSFT,24.97,300,,,
2004/06/17 10:09:42,JPM,36.25,100,,,
2004/06/17 10:09:46,JPM,36.35,100,,,
2004/06/17 10:09:48,FILE,6.4,400,,,
2004/06/17 10:09:52,MRK,34,500,,,
2004/06/17 10:09:54,SWY,21.8,3000,,,
2004/06/17 10:09:59,IBM,75.08,1100,,,
2004/06/17 10:10:02,IBM,75.15,1100,,,
2004/06/17 10:10:07,SWY,21.7,100,,,
2004/06/17 10:10:10,MW,37.08,1300,,,
2004/06/17 10:10:13,EBAY,30.5,200,,,
2004/06/17 10:10:15,AAPL,35,500,,,
2004/06/17 10:10:19,EBAY,29.95,400,,,
2004/06/17 10:10:22,MSFT,24.97,100,,,
2004/06/17 10:10:26,MSFT,24.97,100,,,
2004/06/17 10:10:31,JPM,36.25,3000,,,
2004/06/17 10:10:35,JPM,36.35,100,,,
2004/06/17 10:10:39,FILE,6.4,200,,,
2004/06/17 10:10:43,MRK,34,1500,,,
2004/06/17 10:10:46,SWY,21.8,100,,,
2004/06/17 10:10:49,MRK,34.1,800,,,
2004/06/17 10:10:51,MRK,34.1,300,,,
2004/06/17 10:10:56,MRK,33.9,1000,,,
2004/06/17 10:10:58,MRK,34.05,100,,,
2004/06/17 10:11:02,IBM,75.25,800,,,
2004/06/17 10:11:06,PFE,28.3,700,,,
2004/06/17 10:11:10,EBAY,30.6,200,,,
2004/06/17 10:11:12,AAPL,35.15,2000,,,
2004/06/17 10:11:16,SWY,21.55,400,,,
2004/06/17 10:11:18,EBAY,30.44,100,,,
2004/06/17 10:11:20,FILE,6.49,100,,,
2004/06/17 10:11:21,IBM,75.08,300,,,
2004/06/17 10:11:24,IBM,75.15,200,,,
2004/06/17 10:11:26,SWY,21.7,500,,,
2004/06/17 10:11:29,EBAY,30.5,400,,,
2004/06/17 10:11:31,AAPL,35,100,,,
2004/06/17 10:11:36,EBAY,29.95,300,,,
2004/06/17 10:11:36,MSFT,24.97,200,,,
2004/06/17 10:11:41,MSFT,24.97,4000,,,
2004/06/17 10:11:43,JPM,36.25,100,,,
2004/06/17 10:11:45,JPM,36.35,700,,,
2004/06/17 10:11:48,FILE,6.4,2200,,,
2004/06/17 10:11:49,MRK,34,20000,,,
2004/06/17 10:11:54,SWY,21.8,100,,,
2004/06/17 10:11:56,IBM,75.08,400,,,
2004/06/17 10:11:57,IBM,75.15,400,,,
2004/06/17 10:12:01,SWY,21.7,100,,,
2004/06/17 10:12:04,MW,37.08,500,,,
2004/06/17 10:12:08,EBAY,30.5,200,,,
2004/06/17 10:12:11,AAPL,35,800,,,
2004/06/17 10:12:14,EBAY,29.95,200,,,
2004/06/17 10:12:16,MSFT,24.97,100,,,
2004/06/17 10:12:17,MSFT,24.97,700,,,
2004/06/17 10:12:20,JPM,36.25,100,,,
2004/06/17 10:12:21,JPM,36.35,100,,,
2004/06/17 10:12:23,FILE,6.4,300,,,
2004/06/17 10:12:25,MRK,34,700,,,
2004/06/17 10:12:27,SWY,21.8,600,,,
2004/06/17 10:12:32,MRK,34.1,800,,,
2004/06/17 10:12:36,EBAY,30.5,100,,,
2004/06/17 10:12:38,AAPL,35,1500,,,
2004/06/17 10:12:41,EBAY,29.95,1600,,,
2004/06/17 10:12:45,MSFT,24.97,700,,,
2004/06/17 10:12:46,MSFT,24.97,700,,,
2004/06/17 10:12:49,JPM,36.25,700,,,
2004/06/17 10:12:51,JPM,36.35,900,,,
2004/06/17 10:12:52,FILE,6.4,900,,,
2004/06/17 10:12:55,EBAY,30.44,680,,,
2004/06/17 10:12:59,FILE,6.49,900,,,
2004/06/17 10:13:01,IBM,75.08,800,,,
2004/06/17 10:13:05,IBM,75.15,100,,,
2004/06/17 10:13:08,SWY,21.7,7800,,,
2004/06/17 10:13:12,MW,37.08,100,,,
2004/06/17 10:13:16,EBAY,30.5,2000,,,
2004/06/17 10:13:19,AAPL,35,100,,,
2004/06/17 10:13:20,EBAY,29.95,100,,,
2004/06/17 10:13:23,MSFT,24.97,900,,,
2004/06/17 10:13:25,MSFT,24.97,20000,,,
2004/06/17 10:13:26,JPM,36.25,900,,,
2004/06/17 10:13:27,JPM,36.35,200,,,
2004/06/17 10:13:28,FILE,6.4,100,,,
2004/06/17 10:13:31,MRK,34,2200,,,
2004/06/17 10:13:33,SWY,21.8,200,,,
2004/06/17 10:13:36,FILE,6.49,800,,,
2004/06/17 10:13:38,IBM,75.08,400,,,
2004/06/17 10:13:42,IBM,75.15,500,,,
2004/06/17 10:13:43,SWY,21.7,2200,,,
2004/06/17 10:13:47,JPM,36.1,20000,,,
2004/06/17 10:13:51,EBAY,30.5,700,,,
2004/06/17 10:13:55,AAPL,35,100,,,
2004/06/17 10:13:55,EBAY,29.95,100,,,
2004/06/17 10:13:59,MSFT,24.97,100,,,
2004/06/17 10:14:01,MSFT,24.97,200,,,
2004/06/17 10:14:02,JPM,36.25,100,,,
2004/06/17 10:14:04,JPM,36.35,100,,,
2004/06/17 10:14:06,FILE,6.4,100,,,
2004/06/17 10:14:10,MRK,34,100,,,
2004/06/17 10:14:13,SWY,21.8,100,,,
2004/06/17 10:14:15,MRK,34.1,100,,,
2004/06/17 10:14:17,MRK,34.25,100,,,
2004/06/17 10:14:18,MRK,33.9,100,,,
2004/06/17 10:14:21,MRK,34.05,200,,,
2004/06/17 10:14:25,IBM,75.25,400,,,
2004/06/17 10:14:29,PFE,28.3,800,,,
2004/06/17 10:14:32,EBAY,30.6,500,,,
2004/06/17 10:14:33,AAPL,35.15,100,,,
2004/06/17 10:14:35,SWY,21.55,1000,,,
2004/06/17 10:14:36,EBAY,30.44,20000,,,
2004/06/17 10:14:40,FILE,6.49,100,,,
2004/06/17 10:14:43,IBM,75.08,100,,,
2004/06/17 10:14:47,IBM,75.15,200,,,
2004/06/17 10:14:48,SWY,21.7,700,,,
2004/06/17 10:14:52,MW,37.08,700,,,
2004/06/17 10:14:53,EBAY,30.5,100,,,
2004/06/17 10:14:53,AAPL,35,100,,,
2004/06/17 10:14:58,EBAY,29.95,100,,,
2004/06/17 10:14:59,MSFT,24.97,200,,,
2004/06/17 10:14:59,MSFT,24.97,100,,,
2004/06/17 10:15:00,JPM,36.25,100,,,
2004/06/17 10:15:01,JPM,36.35,500,,,
2004/06/17 10:15:03,FILE,6.4,200,,,
2004/06/17 10:15:04,MRK,34,7000,,,
2004/06/17 10:15:06,SWY,21.8,800,,,
2004/06/17 10:15:08,MRK,34.1,200,,,
2004/06/17 10:15:12,MRK,34.1,100,,,
2004/06/17 10:15:16,MRK,33.9,700,,,
2004/06/17 10:15:18,MRK,34.05,100,,,
2004/06/17 10:15:21,IBM,75.25,100,,,
2004/06/17 10:15:23,PFE,28.3,300,,,
2004/06/17 10:15:25,EBAY,30.6,700,,,
2004/06/17 10:15:30,JPM,35.15,600,,,
2004/06/17 10:15:31,SWY,21.55,800,,,
2004/06/17 10:15:34,JPM,36.35,100,,,
2004/06/17 10:15:37,FILE,6.4,1500,,,
2004/06/17 10:15:38,MRK,34,1600,,,
2004/06/17 10:15:43,SWY,21.8,700,,,
2004/06/17 10:15:45,MRK,34.1,700,,,
2004/06/17 10:15:47,MRK,34.1,700,,,
2004/06/17 10:15:51,MRK,33.9,900,,,
2004/06/17 10:15:54,MRK,34.05,900,,,
2004/06/17 10:15:56,IBM,75.25,680,,,
2004/06/17 10:16:01,PFE,28.3,900,,,
2004/06/17 10:16:04,EBAY,30.6,800,,,
2004/06/17 10:16:09,AAPL,35.15,100,,,
2004/06/17 10:16:11,SWY,21.55,7800,,,
2004/06/17 10:16:13,EBAY,30.44,100,,,
2004/06/17 10:16:17,FILE,6.49,2000,,,
2004/06/17 10:16:21,IBM,75.08,100,,,
2004/06/17 10:16:22,IBM,75.15,100,,,
2004/06/17 10:16:23,SWY,21.7,900,,,
2004/06/17 10:16:24,MW,37.08,20000,,,
2004/06/17 10:16:25,EBAY,30.5,900,,,
2004/06/17 10:16:29,AAPL,35,200,,,
2004/06/17 10:16:32,EBAY,29.95,600,,,
2004/06/17 10:16:33,MSFT,24.97,4500,,,
2004/06/17 10:16:34,MSFT,24.97,800,,,
2004/06/17 10:16:34,JPM,36.25,200,,,
2004/06/17 10:16:39,EBAY,30.5,100,,,
2004/06/17 10:16:41,AAPL,35,700,,,
2004/06/17 10:16:45,EBAY,29.95,100,,,
2004/06/17 10:16:48,MSFT,24.97,100,,,
2004/06/17 10:16:49,MSFT,24.97,300,,,
2004/06/17 10:16:53,JPM,36.25,700,,,
2004/06/17 10:16:55,JPM,36.35,600,,,
2004/06/17 10:16:57,FILE,6.4,800,,,
2004/06/17 10:16:59,MRK,34,100,,,
2004/06/17 10:17:03,SWY,21.8,1500,,,
2004/06/17 10:17:04,IBM,75.08,1600,,,
2004/06/17 10:17:05,IBM,75.15,700,,,
2004/06/17 10:17:06,SWY,21.7,700,,,
2004/06/17 10:17:11,MW,37.08,700,,,
2004/06/17 10:17:12,EBAY,30.5,900,,,
2004/06/17 10:17:15,AAPL,35,900,,,
2004/06/17 10:17:19,EBAY,29.95,680,,,
2004/06/17 10:17:22,MSFT,24.97,900,,,
2004/06/17 10:17:23,MSFT,24.97,800,,,
2004/06/17 10:17:25,JPM,36.25,100,,,
2004/06/17 10:17:28,JPM,36.35,7800,,,
2004/06/17 10:17:32,FILE,6.4,100,,,
2004/06/17 10:17:35,MRK,34,2000,,,
2004/06/17 10:17:37,SWY,21.8,100,,,
2004/06/17 10:17:41,MRK,34.1,100,,,
2004/06/17 10:17:45,AAPL,35.15,900,,,
2004/06/17 10:17:46,SWY,21.55,20000,,,
2004/06/17 10:17:47,EBAY,30.44,900,,,
2004/06/17 10:17:48,FILE,6.49,200,,,
2004/06/17 10:17:49,IBM,75.08,1600,,,
2004/06/17 10:17:50,IBM,75.15,100,,,
2004/06/17 10:17:53,SWY,21.7,100,,,
2004/06/17 10:17:54,MW,37.08,200,,,
2004/06/17 10:17:57,EBAY,30.5,100,,,
2004/06/17 10:18:02,AAPL,35,1700,,,
2004/06/17 10:18:03,EBAY,29.95,500,,,
2004/06/17 10:18:08,MSFT,24.97,100,,,
2004/06/17 10:18:12,MSFT,24.97,1300,,,
2004/06/17 10:18:15,JPM,36.25,100,,,
2004/06/17 10:18:16,IBM,75.08,100,,,
2004/06/17 10:18:19,IBM,75.15,100,,,
2004/06/17 10:18:22,SWY,21.7,700,,,
2004/06/17 10:18:27,MW,37.08,12100,,,
2004/06/17 10:18:29,EBAY,30.5,100,,,
2004/06/17 10:18:32,AAPL,35,100,,,
2004/06/17 10:18:33,EBAY,29.95,1700,,,
2004/06/17 10:18:37,MSFT,24.97,100,,,
2004/06/17 10:18:41,MSFT,24.97,1700,,,
2004/06/17 10:18:44,JPM,36.25,1700,,,
2004/06/17 10:18:46,JPM,36.35,1700,,,
2004/06/17 10:18:48,FILE,6.4,100,,,
2004/06/17 10:18:51,MRK,34,1700,,,
2004/06/17 10:18:53,SWY,21.8,1000,,,
2004/06/17 10:18:55,IBM,75.08,100,,,
2004/06/17 10:18:57,IBM,75.15,100,,,
2004/06/17 10:19:00,SWY,21.7,300,,,
2004/06/17 10:19:04,MW,37.08,1600,,,
2004/06/17 10:19:05,EBAY,30.5,700,,,
2004/06/17 10:19:06,AAPL,35,400,,,
2004/06/17 10:19:07,EBAY,29.95,100,,,
2004/06/17 10:19:11,MSFT,24.97,800,,,
2004/06/17 10:19:12,MSFT,24.97,200,,,
2004/06/17 10:19:15,JPM,36.25,100,,,
2004/06/17 10:19:18,JPM,36.35,700,,,
2004/06/17 10:19:19,FILE,6.4,100,,,
2004/06/17 10:19:23,EBAY,30.44,100,,,
2004/06/17 10:19:24,FILE,6.49,300,,,
2004/06/17 10:19:27,IBM,75.08,700,,,
2004/06/17 10:19:30,IBM,75.15,600,,,
2004/06/17 10:19:31,SWY,21.7,800,,,
2004/06/17 10:19:32,MW,37.08,100,,,
2004/06/17 10:19:34,EBAY,30.5,1500,,,
2004/06/17 10:19:36,AAPL,35,1600,,,
2004/06/17 10:19:39,EBAY,29.95,700,,,
2004/06/17 10:19:40,MSFT,24.97,700,,,
2004/06/17 10:19:43,MSFT,24.97,700,,,
2004/06/17 10:19:45,EBAY,30.5,900,,,
2004/06/17 10:19:46,AAPL,35,900,,,
2004/06/17 10:19:47,EBAY,29.95,680,,,
2004/06/17 10:19:50,MSFT,24.97,900,,,
2004/06/17 10:19:54,MSFT,24.97,800,,,
2004/06/17 10:19:55,JPM,36.25,100,,,
2004/06/17 10:19:56,JPM,36.35,7800,,,
2004/06/17 10:19:59,FILE,6.4,100,,,
2004/06/17 10:20:01,MRK,34,2000,,,
2004/06/17 10:20:02,SWY,21.8,100,,,
2004/06/17 10:20:04,IBM,75.08,100,,,
2004/06/17 10:20:05,IBM,75.15,900,,,
2004/06/17 10:20:07,IBM,76,20000,,,
2004/06/17 10:20:11,MW,37.08,900,,,
2004/06/17 10:20:15,EBAY,30.5,200,,,
2004/06/17 10:20:19,AAPL,35,100,,,
2004/06/17 10:20:23,EBAY,30.5,200,,,
2004/06/17 10:20:24,AAPL,35,100,,,
2004/06/17 10:20:25,EBAY,29.95,1700,,,
2004/06/17 10:20:26,MSFT,24.97,500,,,
2004/06/17 10:20:29,MSFT,24.97,100,,,
2004/06/17 10:20:32,JPM,36.25,1300,,,
2004/06/17 10:20:36,JPM,36.35,100,,,
2004/06/17 10:20:40,FILE,6.4,100,,,
2004/06/17 10:20:41,MRK,34,100,,,
2004/06/17 10:20:43,SWY,21.8,700,,,
2004/06/17 10:20:48,IBM,75.08,12100,,,
2004/06/17 10:20:50,IBM,75.15,100,,,
2004/06/17 10:20:52,SWY,21.7,100,,,
2004/06/17 10:20:55,MW,37.08,1700,,,
2004/06/17 10:20:58,EBAY,30.5,100,,,
2004/06/17 10:21:01,AAPL,35,1700,,,
2004/06/17 10:21:02,EBAY,29.95,1700,,,
2004/06/17 10:21:06,MSFT,24.97,1700,,,
2004/06/17 10:21:07,MSFT,24.97,100,,,
2004/06/17 10:21:09,FILE,6.4,1700,,,
2004/06/17 10:21:13,MRK,34,1000,,,
2004/06/17 10:21:15,SWY,21.8,100,,,
2004/06/17 10:21:16,MRK,34.1,100,,,
2004/06/17 10:21:20,MRK,34.1,200,,,
2004/06/17 10:21:23,MRK,33.9,1800,,,
2004/06/17 10:21:26,MRK,34.05,400,,,
2004/06/17 10:21:28,IBM,75.25,100,,,
2004/06/17 10:21:29,PFE,28.3,300,,,
2004/06/17 10:21:32,EBAY,30.6,400,,,
2004/06/17 10:21:33,AAPL,35.15,100,,,
2004/06/17 10:21:36,SWY,21.55,100,,,
2004/06/17 10:21:37,EBAY,30.44,500,,,
2004/06/17 10:21:39,FILE,6.49,750,,,
2004/06/17 10:21:43,IBM,75.28,200,,,
2004/06/17 10:21:46,IBM,75.25,1700,,,
2004/06/17 10:21:47,SWY,21.7,200,,,
2004/06/17 10:21:52,EBAY,30.5,800,,,
2004/06/17 10:21:56,AAPL,35,800,,,
2004/06/17 10:21:58,EBAY,29.95,800,,,
2004/06/17 10:22:02,MSFT,24.97,800,,,
2004/06/17 10:22:04,MSFT,24.97,800,,,
2004/06/17 10:22:08,JPM,36.25,800,,,
2004/06/17 10:22:11,JPM,36.35,800,,,
2004/06/17 10:22:14,FILE,6.4,800,,,
2004/06/17 10:22:15,MRK,34,800,,,
2004/06/17 10:22:19,SWY,21.8,800,,,
2004/06/17 10:22:23,IBM,75.08,800,,,
2004/06/17 10:22:27,IBM,75.15,800,,,
2004/06/17 10:22:30,SWY,21.7,800,,,
2004/06/17 10:22:31,MW,37.08,800,,,
2004/06/17 10:22:32,EBAY,29.4,800,,,
2004/06/17 10:22:36,AAPL,35,800,,,
2004/06/17 10:22:36,EBAY,29.95,900,,,
2004/06/17 10:22:40,MSFT,24.97,400,,,
2004/06/17 10:22:41,MSFT,24.97,100,,,
2004/06/17 10:22:43,JPM,36.25,800,,,
2004/06/17 10:22:44,JPM,36.35,100,,,
2004/06/17 10:22:48,FILE,6.4,800,,,
2004/06/17 10:22:49,MRK,34,100,,,
2004/06/17 10:22:52,SWY,21.8,100,,,
2004/06/17 10:22:53,MRK,34.1,100,,,
2004/06/17 10:22:55,EBAY,30.5,200,,,
2004/06/17 10:22:59,SWY,21.7,1800,,,
2004/06/17 10:23:01,MW,37.08,400,,,
2004/06/17 10:23:04,EBAY,30.5,100,,,
2004/06/17 10:23:08,AAPL,35,300,,,
2004/06/17 10:23:09,EBAY,30.95,400,,,
2004/06/17 10:23:10,MSFT,24.97,200,,,
2004/06/17 10:23:11,MSFT,24.97,300,,,
2004/06/17 10:23:12,JPM,36.25,800,,,
2004/06/17 10:23:14,JPM,36.35,800,,,
2004/06/17 10:23:16,FILE,6.4,800,,,
2004/06/17 10:23:20,MRK,34,800,,,
2004/06/17 10:23:21,SWY,21.8,800,,,
2004/06/17 10:23:25,MRK,34.1,800,,,
2004/06/17 10:23:29,EBAY,30.5,800,,,
2004/06/17 10:23:34,AAPL,35,800,,,
2004/06/17 10:23:35,EBAY,29.95,800,,,
2004/06/17 10:23:36,MSFT,24.97,800,,,
2004/06/17 10:23:40,MSFT,24.97,800,,,
2004/06/17 10:23:41,JPM,36.25,800,,,
2004/06/17 10:23:46,JPM,36.35,800,,,
2004/06/17 10:23:50,FILE,6.4,800,,,
2004/06/17 10:23:52,EBAY,30.44,800,,,
2004/06/17 10:23:53,FILE,6.49,800,,,
2004/06/17 10:23:53,IBM,75.08,800,,,
2004/06/17 10:23:58,IBM,75.15,800,,,
2004/06/17 10:24:02,SWY,21.7,800,,,
2004/06/17 10:24:06,MW,37.08,800,,,
2004/06/17 10:24:11,EBAY,30.5,800,,,
2004/06/17 10:24:14,AAPL,35,200,,,
2004/06/17 10:24:18,EBAY,29.95,1700,,,
2004/06/17 10:24:22,MSFT,24.97,100,,,
2004/06/17 10:24:24,MSFT,24.97,100,,,
2004/06/17 10:24:25,JPM,36.25,2500,,,
2004/06/17 10:24:29,JPM,36.35,200,,,
2004/06/17 10:24:30,FILE,6.4,100,,,
2004/06/17 10:24:32,MRK,34,100,,,
2004/06/17 10:24:33,SWY,21.8,100,,,
2004/06/17 10:24:36,FILE,6.49,200,,,
2004/06/17 10:24:38,IBM,75.08,1500,,,
2004/06/17 10:24:42,IBM,75.15,1600,,,
2004/06/17 10:24:43,SWY,21.7,700,,,
2004/06/17 10:24:43,JPM,36.1,700,,,
2004/06/17 10:24:48,EBAY,30.5,700,,,
2004/06/17 10:24:50,AAPL,35,900,,,
2004/06/17 10:24:53,EBAY,29.95,900,,,
2004/06/17 10:24:56,MSFT,24.97,680,,,
2004/06/17 10:25:00,MSFT,24.97,900,,,
2004/06/17 10:25:04,JPM,36.25,800,,,
2004/06/17 10:25:05,JPM,36.35,100,,,
2004/06/17 10:25:06,FILE,6.4,7800,,,
2004/06/17 10:25:10,MRK,34,100,,,
2004/06/17 10:25:14,SWY,21.8,2000,,,
2004/06/17 10:25:16,MRK,34.1,100,,,
2004/06/17 10:25:20,MRK,34.25,100,,,
2004/06/17 10:25:23,MRK,33.9,900,,,
2004/06/17 10:25:28,MRK,34.05,20000,,,
2004/06/17 10:25:31,IBM,75.25,900,,,
2004/06/17 10:25:35,PFE,28.3,200,,,
2004/06/17 10:25:36,EBAY,30.6,600,,,
2004/06/17 10:25:41,AAPL,35.15,4500,,,
2004/06/17 10:25:45,SWY,21.55,800,,,
2004/06/17 10:25:46,EBAY,30.44,200,,,
2004/06/17 10:25:47,FILE,6.49,100,,,
2004/06/17 10:25:48,IBM,75.08,700,,,
2004/06/17 10:25:52,IBM,75.15,100,,,
2004/06/17 10:25:53,SWY,21.7,100,,,
2004/06/17 10:25:57,MW,37.08,300,,,
2004/06/17 10:26:01,EBAY,30.5,700,,,
2004/06/17 10:26:02,AAPL,35,600,,,
2004/06/17 10:26:03,EBAY,29.95,800,,,
2004/06/17 10:26:07,MSFT,24.97,100,,,
2004/06/17 10:26:09,MSFT,24.97,1500,,,
2004/06/17 10:26:12,JPM,36.25,1600,,,
2004/06/17 10:26:17,JPM,36.35,700,,,
2004/06/17 10:26:19,FILE,6.4,700,,,
2004/06/17 10:26:22,MRK,34,700,,,
2004/06/17 10:26:24,SWY,21.8,900,,,
2004/06/17 10:26:25,MRK,34.1,900,,,
2004/06/17 10:26:25,MRK,34.1,680,,,
2004/06/17 10:26:27,MRK,33.9,900,,,
2004/06/17 10:26:30,MRK,34.05,800,,,
2004/06/17 10:26:31,IBM,75.25,100,,,
2004/06/17 10:26:34,PFE,28.3,7800,,,
2004/06/17 10:26:38,EBAY,30.6,100,,,
2004/06/17 10:26:40,JPM,35.15,2000,,,
2004/06/17 10:26:43,SWY,21.55,100,,,
2004/06/17 10:26:44,JPM,36.35,100,,,
2004/06/17 10:26:48,FILE,6.4,900,,,
2004/06/17 10:26:50,MRK,34,20000,,,
2004/06/17 10:26:54,SWY,21.8,900,,,
2004/06/17 10:26:55,MRK,34.1,200,,,
2004/06/17 10:26:57,MRK,34.1,1600,,,
2004/06/17 10:27:01,MRK,33.9,100,,,
2004/06/17 10:27:03,MRK,34.05,100,,,
2004/06/17 10:27:05,IBM,75.25,200,,,
2004/06/17 10:27:10,PFE,28.3,100,,,
2004/06/17 10:27:12,EBAY,30.6,1700,,,
2004/06/17 10:27:13,AAPL,35.15,500,,,
2004/06/17 10:27:14,SWY,21.55,100,,,
2004/06/17 10:27:18,EBAY,30.44,1300,,,
2004/06/17 10:27:22,FILE,6.49,100,,,
2004/06/17 10:27:27,IBM,75.08,100,,,
2004/06/17 10:27:30,IBM,75.15,100,,,
2004/06/17 10:27:33,SWY,21.7,700,,,
2004/06/17 10:27:36,MW,37.08,12100,,,
2004/06/17 10:27:39,EBAY,30.5,100,,,
2004/06/17 10:27:40,AAPL,35,100,,,
2004/06/17 10:27:44,EBAY,29.95,1700,,,
2004/06/17 10:27:45,MSFT,24.97,100,,,
2004/06/17 10:27:49,MSFT,24.97,1700,,,
2004/06/17 10:27:52,JPM,36.25,1700,,,
2004/06/17 10:27:54,EBAY,30.5,1700,,,
2004/06/17 10:27:55,AAPL,35,100,,,
2004/06/17 10:27:59,EBAY,29.95,1700,,,
2004/06/17 10:28:01,MSFT,24.97,1000,,,
2004/06/17 10:28:06,MSFT,24.97,100,,,
2004/06/17 10:28:10,JPM,36.25,100,,,
2004/06/17 10:28:11,JPM,36.35,300,,,
2004/06/17 10:28:15,FILE,6.4,1600,,,
2004/06/17 10:28:18,MRK,34,700,,,
2004/06/17 10:28:21,SWY,21.8,400,,,
2004/06/17 10:28:24,IBM,75.08,100,,,
2004/06/17 10:28:28,IBM,75.15,800,,,
2004/06/17 10:28:30,SWY,21.7,100,,,
2004/06/17 10:28:32,MW,37.08,100,,,
2004/06/17 10:28:32,EBAY,30.5,100,,,
2004/06/17 10:28:35,AAPL,35,100,,,
2004/06/17 10:28:37,EBAY,29.95,100,,,
2004/06/17 10:28:41,MSFT,24.97,100,,,
2004/06/17 10:28:42,MSFT,24.97,10000,,,
2004/06/17 10:28:46,JPM,36.25,200,,,
2004/06/17 10:28:49,JPM,36.35,100,,,
2004/06/17 10:28:51,FILE,6.4,200,,,
2004/06/17 10:28:52,MRK,34,200,,,
2004/06/17 10:28:53,SWY,21.8,100,,,
2004/06/17 10:28:57,MRK,34.1,100,,,
2004/06/17 10:28:58,IBM,75.15,800,,,
2004/06/17 10:28:59,SWY,21.7,300,,,
2004/06/17 10:29:04,MW,37.08,100,,,
2004/06/17 10:29:04,EBAY,30.5,200,,,
2004/06/17 10:29:07,AAPL,35,2600,,,
2004/06/17 10:29:10,EBAY,29.95,3100,,,
2004/06/17 10:29:11,MSFT,24.97,20000,,,
2004/06/17 10:29:14,MSFT,24.97,20000,,,
2004/06/17 10:29:15,JPM,36.25,100,,,
2004/06/17 10:29:16,JPM,36.35,100,,,
2004/06/17 10:29:17,FILE,6.4,100,,,
2004/06/17 10:29:22,MRK,34,100,,,
2004/06/17 10:29:23,SWY,21.8,100,,,
2004/06/17 10:29:26,MRK,34.1,100,,,
2004/06/17 10:29:29,MRK,34.1,100,,,
2004/06/17 10:29:30,MRK,33.9,100,,,
2004/06/17 10:29:32,MRK,34.05,100,,,
2004/06/17 10:29:35,IBM,75.25,3100,,,
2004/06/17 10:29:36,PFE,28.3,100,,,
2004/06/17 10:29:36,EBAY,30.6,20000,,,
2004/06/17 10:29:40,AAPL,35.15,2800,,,
2004/06/17 10:29:42,SWY,21.55,100,,,
2004/06/17 10:29:43,EBAY,30.44,200,,,
2004/06/17 10:29:45,FILE,6.49,200,,,
2004/06/17 10:29:47,IBM,75.08,100,,,
2004/06/17 10:29:51,IBM,75.15,100,,,
2004/06/17 10:29:55,SWY,21.7,800,,,
2004/06/17 10:29:57,MW,37.08,300,,,
2004/06/17 10:30:00,EBAY,30.5,100,,,
2004/06/17 10:30:01,AAPL,35,200,,,
2004/06/17 10:30:04,EBAY,29.95,2600,,,
2004/06/17 10:30:07,MSFT,24.97,3100,,,
2004/06/17 10:30:10,MSFT,24.97,20000,,,
2004/06/17 10:30:14,JPM,36.25,20000,,,
2004/06/17 10:30:17,JPM,36.35,100,,,
2004/06/17 10:30:19,FILE,6.4,100,,,
2004/06/17 10:30:20,MRK,34,100,,,
2004/06/17 10:30:22,SWY,21.8,100,,,
2004/06/17 10:30:23,MRK,34.1,100,,,
2004/06/17 10:30:25,MRK,34.1,100,,,
2004/06/17 10:30:27,MRK,33.9,100,,,
2004/06/17 10:30:32,MRK,34.05,100,,,
2004/06/17 10:30:33,IBM,75.25,100,,,
2004/06/17 10:30:37,PFE,28.3,700,,,
2004/06/17 10:30:40,EBAY,30.6,700,,,
2004/06/17 10:30:41,AAPL,35.15,900,,,
2004/06/17 10:30:46,SWY,21.55,900,,,
2004/06/17 10:30:47,JPM,36.35,680,,,
2004/06/17 10:30:48,FILE,6.4,900,,,
2004/06/17 10:30:52,MRK,34,800,,,
2004/06/17 10:30:52,SWY,21.8,100,,,
2004/06/17 10:30:54,MRK,34.1,7800,,,
2004/06/17 10:30:57,MRK,34.1,100,,,
2004/06/17 10:31:01,MRK,33.9,2000,,,
2004/06/17 10:31:04,MRK,34.05,100,,,
2004/06/17 10:31:07,IBM,75.25,100,,,
2004/06/17 10:31:10,PFE,28.3,900,,,
2004/06/17 10:31:11,EBAY,30.6,20000,,,
2004/06/17 10:31:13,AAPL,35.15,900,,,
2004/06/17 10:31:17,SWY,21.55,200,,,
2004/06/17 10:31:19,EBAY,30.44,600,,,
2004/06/17 10:31:24,FILE,6.49,4500,,,
2004/06/17 10:31:27,IBM,75.08,800,,,
2004/06/17 10:31:29,IBM,75.15,200,,,
2004/06/17 10:31:33,SWY,21.7,100,,,
2004/06/17 10:31:34,MW,37.08,700,,,
2004/06/17 10:31:36,EBAY,30.5,100,,,
2004/06/17 10:31:40,AAPL,35,100,,,
2004/06/17 10:31:41,EBAY,29.95,300,,,
2004/06/17 10:31:43,MSFT,24.97,700,,,
2004/06/17 10:31:48,MSFT,24.97,600,,,
2004/06/17 10:31:51,JPM,36.25,800,,,
2004/06/17 10:31:55,JPM,36.35,100,,,
2004/06/17 10:31:56,FILE,6.4,1500,,,
2004/06/17 10:31:58,MRK,34,1600,,,
2004/06/17 10:32:02,SWY,21.8,700,,,
2004/06/17 10:32:07,IBM,75.08,700,,,
2004/06/17 10:32:10,IBM,75.15,700,,,
2004/06/17 10:32:14,SWY,21.7,900,,,
2004/06/17 10:32:16,MW,37.08,900,,,
2004/06/17 10:32:17,EBAY,30.5,680,,,
2004/06/17 10:32:18,AAPL,35,900,,,
2004/06/17 10:32:20,EBAY,29.95,800,,,
2004/06/17 10:32:23,MSFT,24.97,100,,,
2004/06/17 10:32:26,MSFT,24.97,7800,,,
2004/06/17 10:32:27,JPM,36.25,100,,,
2004/06/17 10:32:31,JPM,36.35,2000,,,
2004/06/17 10:32:34,FILE,6.4,100,,,
2004/06/17 10:32:34,MRK,34,100,,,
2004/06/17 10:32:35,SWY,21.8,900,,,
2004/06/17 10:32:40,MRK,34.1,20000,,,
2004/06/17 10:32:41,MRK,34.1,900,,,
2004/06/17 10:32:46,MRK,33.9,200,,,
2004/06/17 10:32:49,MRK,34.05,1600,,,
2004/06/17 10:32:51,IBM,75.25,100,,,
2004/06/17 10:32:55,PFE,28.3,100,,,
2004/06/17 10:32:57,EBAY,30.6,200,,,
2004/06/17 10:33:00,AAPL,35.15,100,,,
2004/06/17 10:33:01,SWY,21.55,1700,,,
2004/06/17 10:33:05,EBAY,30.44,500,,,
2004/06/17 10:33:05,FILE,6.49,100,,,
2004/06/17 10:33:10,IBM,75.08,1300,,,
2004/06/17 10:33:12,IBM,75.15,100,,,
2004/06/17 10:33:13,SWY,21.7,100,,,
2004/06/17 10:33:18,MW,37.08,100,,,
2004/06/17 10:33:22,EBAY,30.5,700,,,
2004/06/17 10:33:24,AAPL,35,12100,,,
2004/06/17 10:33:24,EBAY,29.95,100,,,
2004/06/17 10:33:28,MSFT,24.97,100,,,
2004/06/17 10:33:29,MSFT,24.97,1700,,,
2004/06/17 10:33:31,JPM,36.25,100,,,
2004/06/17 10:33:34,IBM,75.08,1700,,,
2004/06/17 10:33:37,IBM,75.15,1700,,,
2004/06/17 10:33:40,SWY,21.7,1700,,,
2004/06/17 10:33:42,MW,37.08,100,,,
2004/06/17 10:33:45,EBAY,30.5,1700,,,
2004/06/17 10:33:46,AAPL,35,1000,,,
2004/06/17 10:33:49,EBAY,29.95,100,,,
2004/06/17 10:33:53,MSFT,24.97,100,,,
2004/06/17 10:33:57,MSFT,24.97,300,,,
2004/06/17 10:33:58,JPM,36.25,1600,,,
2004/06/17 10:33:59,JPM,36.35,700,,,
2004/06/17 10:34:00,FILE,6.4,400,,,
2004/06/17 10:34:01,MRK,34,100,,,
2004/06/17 10:34:04,SWY,21.8,800,,,
2004/06/17 10:34:05,IBM,75.08,100,,,
2004/06/17 10:34:09,IBM,75.15,100,,,
2004/06/17 10:34:13,SWY,21.7,100,,,
2004/06/17 10:34:14,MW,37.08,100,,,
2004/06/17 10:34:17,EBAY,30.5,100,,,
2004/06/17 10:34:20,AAPL,35,100,,,
2004/06/17 10:34:21,EBAY,29.95,100,,,
2004/06/17 10:34:25,MSFT,24.97,100,,,
2004/06/17 10:34:28,MSFT,24.97,100,,,
2004/06/17 10:34:30,JPM,36.25,100,,,
2004/06/17 10:34:32,JPM,36.35,750,,,
2004/06/17 10:34:35,FILE,6.4,100,,,
2004/06/17 10:34:39,EBAY,30.44,100,,,
2004/06/17 10:34:40,FILE,6.49,100,,,
2004/06/17 10:34:41,IBM,75.08,100,,,
2004/06/17 10:34:43,IBM,75.15,100,,,
2004/06/17 10:34:45,SWY,21.7,100,,,
2004/06/17 10:34:46,MW,37.08,100,,,
2004/06/17 10:34:50,EBAY,30.5,100,,,
2004/06/17 10:34:53,AAPL,35,100,,,
2004/06/17 10:34:57,EBAY,29.95,100,,,
2004/06/17 10:35:00,MSFT,24.97,100,,,
2004/06/17 10:35:00,MSFT,24.97,100,,,
2004/06/17 10:35:05,JPM,36.25,100,,,
2004/06/17 10:35:07,JPM,36.35,100,,,
2004/06/17 10:35:10,FILE,6.4,100,,,
2004/06/17 10:35:12,MRK,34,100,,,
2004/06/17 10:35:16,SWY,21.8,1800,,,
2004/06/17 10:35:18,FILE,6.49,20000,,,
2004/06/17 10:35:19,IBM,75.08,20000,,,
2004/06/17 10:35:22,IBM,75.15,1800,,,
2004/06/17 10:35:23,SWY,21.7,20000,,,
2004/06/17 10:35:24,MW,37.08,20000,,,
2004/06/17 10:35:28,EBAY,30.5,20000,,,
2004/06/17 10:35:32,AAPL,35,800,,,
2004/06/17 10:35:37,EBAY,29.95,400,,,
2004/06/17 10:35:39,MSFT,24.97,1100,,,
2004/06/17 10:35:42,MSFT,24.97,1400,,,
2004/06/17 10:35:46,JPM,36.25,100,,,
2004/06/17 10:35:50,JPM,36.35,100,,,
2004/06/17 10:35:51,FILE,6.4,200,,,
2004/06/17 10:35:53,MRK,34,100,,,
2004/06/17 10:35:55,SWY,21.8,200,,,
2004/06/17 10:35:56,MRK,34.1,100,,,
2004/06/17 10:35:58,MRK,34.1,100,,,
2004/06/17 10:36:00,MRK,33.9,100,,,
2004/06/17 10:36:01,MRK,34.05,100,,,
2004/06/17 10:36:05,IBM,75.25,200,,,
2004/06/17 10:36:10,PFE,28.3,1800,,,
2004/06/17 10:36:10,EBAY,30.6,500,,,
2004/06/17 10:36:12,AAPL,35.15,100,,,
2004/06/17 10:36:16,SWY,21.55,100,,,
2004/06/17 10:36:18,EBAY,30.44,100,,,
2004/06/17 10:36:19,FILE,6.49,500,,,
2004/06/17 10:36:22,IBM,75.08,1400,,,
2004/06/17 10:36:26,IBM,75.15,0,,,
2004/06/17 10:36:30,SWY,21.7,2500,,,
2004/06/17 10:36:32,MW,37.08,800,,,
2004/06/17 10:36:33,EBAY,30.5,200,,,
2004/06/17 10:36:37,AAPL,35,200,,,
2004/06/17 10:36:38,EBAY,29.95,1200,,,
2004/06/17 10:36:41,MSFT,24.97,1300,,,
2004/06/17 10:36:43,MSFT,24.97,1300,,,
2004/06/17 10:36:45,JPM,36.25,200,,,
2004/06/17 10:36:47,JPM,36.35,1300,,,
2004/06/17 10:36:51,FILE,6.4,1300,,,
2004/06/17 10:36:53,MRK,34,100,,,
2004/06/17 10:36:55,SWY,21.8,20000,,,
2004/06/17 10:36:57,MRK,34.1,400,,,
2004/06/17 10:37:00,MRK,34.1,400,,,
2004/06/17 10:37:00,MRK,33.9,1300,,,
2004/06/17 10:37:03,MRK,34.05,1300,,,
2004/06/17 10:37:04,IBM,75.25,1300,,,
2004/06/17 10:37:07,PFE,28.3,1300,,,
2004/06/17 10:37:08,EBAY,30.6,1400,,,
2004/06/17 10:37:12,AAPL,35.15,100,,,
2004/06/17 10:37:14,SWY,21.55,1600,,,
2004/06/17 10:37:19,JPM,36.35,100,,,
2004/06/17 10:37:23,FILE,6.4,800,,,
2004/06/17 10:37:24,MRK,34,1500,,,
2004/06/17 10:37:26,SWY,21.8,100,,,
2004/06/17 10:37:30,MRK,34.1,1300,,,
2004/06/17 10:37:33,MRK,34.1,20000,,,
2004/06/17 10:37:37,MRK,33.9,1100,,,
2004/06/17 10:37:39,MRK,34.05,1100,,,
2004/06/17 10:37:44,IBM,75.25,9800,,,
2004/06/17 10:37:46,PFE,28.3,400,,,
2004/06/17 10:37:51,EBAY,30.6,200,,,
2004/06/17 10:37:51,AAPL,35.15,1000,,,
2004/06/17 10:37:54,SWY,21.55,2200,,,
2004/06/17 10:37:57,EBAY,30.44,500,,,
2004/06/17 10:38:01,FILE,6.49,20000,,,
2004/06/17 10:38:03,IBM,75.08,20000,,,
2004/06/17 10:38:06,IBM,75.15,100,,,
2004/06/17 10:38:10,SWY,21.7,100,,,
2004/06/17 10:38:14,MW,37.08,100,,,
2004/06/17 10:38:16,EBAY,30.5,400,,,
2004/06/17 10:38:20,AAPL,35,1000,,,
2004/06/17 10:38:21,EBAY,29.95,100,,,
2004/06/17 10:38:23,MSFT,24.97,4500,,,
2004/06/17 10:38:25,MSFT,24.97,100,,,
2004/06/17 10:38:28,JPM,36.25,1100,,,
2004/06/17 10:38:30,JPM,36.35,20000,,,
2004/06/17 10:38:35,FILE,6.4,200,,,
2004/06/17 10:38:36,MRK,34,20000,,,
2004/06/17 10:38:39,SWY,21.8,20000,,,
2004/06/17 10:38:41,IBM,75.08,300,,,
2004/06/17 10:38:42,IBM,75.15,2200,,,
2004/06/17 10:38:46,SWY,21.7,100,,,
2004/06/17 10:38:48,MW,37.08,100,,,
2004/06/17 10:38:52,EBAY,30.5,1300,,,
2004/06/17 10:38:55,AAPL,35,1300,,,
2004/06/17 10:38:58,EBAY,29.95,300,,,
2004/06/17 10:39:01,MSFT,24.97,3000,,,
2004/06/17 10:39:04,MSFT,24.97,100,,,
2004/06/17 10:39:08,JPM,36.25,200,,,
2004/06/17 10:39:13,JPM,36.35,100,,,
2004/06/17 10:39:15,FILE,6.4,100,,,
2004/06/17 10:39:17,MRK,34,200,,,
2004/06/17 10:39:18,SWY,21.8,1000,,,
2004/06/17 10:39:20,MRK,34.1,450,,,
2004/06/17 10:39:20,MRK,34.1,300,,,
2004/06/17 10:39:25,MRK,33.9,100,,,
2004/06/17 10:39:29,MRK,34.05,100,,,
2004/06/17 10:39:31,IBM,75.25,400,,,
2004/06/17 10:39:32,PFE,28.3,500,,,
2004/06/17 10:39:33,EBAY,30.6,3000,,,
2004/06/17 10:39:35,AAPL,35.15,1100,,,
2004/06/17 10:39:39,SWY,21.55,100,,,
2004/06/17 10:39:41,EBAY,30.44,100,,,
2004/06/17 10:39:45,FILE,6.49,300,,,
2004/06/17 10:39:46,IBM,75.08,200,,,
2004/06/17 10:39:50,IBM,75.15,500,,,
2004/06/17 10:39:54,SWY,21.7,400,,,
2004/06/17 10:39:58,EBAY,30.5,100,,,
2004/06/17 10:40:01,AAPL,35,100,,,
2004/06/17 10:40:03,EBAY,29.95,3000,,,
2004/06/17 10:40:05,MSFT,24.97,100,,,
2004/06/17 10:40:07,MSFT,24.97,200,,,
2004/06/17 10:40:10,JPM,36.25,100,,,
2004/06/17 10:40:14,JPM,36.35,300,,,
2004/06/17 10:40:15,FILE,6.4,20000,,,
2004/06/17 10:40:16,MRK,34,20000,,,
2004/06/17 10:40:17,SWY,21.8,200,,,
2004/06/17 10:40:17,IBM,75.08,100,,,
2004/06/17 10:40:22,IBM,75.15,400,,,
2004/06/17 10:40:25,SWY,21.7,3000,,,
2004/06/17 10:40:28,MW,37.08,9800,,,
2004/06/17 10:40:30,EBAY,30.5,2500,,,
2004/06/17 10:40:31,AAPL,35,3000,,,
2004/06/17 10:40:33,EBAY,29.95,100,,,
2004/06/17 10:40:36,MSFT,24.97,300,,,
2004/06/17 10:40:37,MSFT,24.97,20000,,,
2004/06/17 10:40:38,JPM,36.25,20000,,,
2004/06/17 10:40:40,JPM,36.35,200,,,
2004/06/17 10:40:41,FILE,6.4,100,,,
2004/06/17 10:40:43,MRK,34,400,,,
2004/06/17 10:40:47,SWY,21.8,3000,,,
2004/06/17 10:40:48,MRK,34.1,9800,,,
2004/06/17 10:40:49,EBAY,30.5,2500,,,
2004/06/17 10:40:54,AAPL,35,3000,,,
2004/06/17 10:40:56,EBAY,29.95,250,,,
2004/06/17 10:40:58,MSFT,24.97,2500,,,
2004/06/17 10:41:02,MSFT,24.97,600,,,
2004/06/17 10:41:03,JPM,36.25,20000,,,
2004/06/17 10:41:06,JPM,36.35,300,,,
2004/06/17 10:41:07,FILE,6.4,20000,,,
2004/06/17 10:41:08,EBAY,30.44,1000,,,
2004/06/17 10:41:11,FILE,6.49,1000,,,
2004/06/17 10:41:14,IBM,75.08,300,,,
2004/06/17 10:41:15,IBM,75.15,300,,,
2004/06/17 10:41:20,SWY,21.7,1800,,,
2004/06/17 10:41:23,MW,37.08,100,,,
2004/06/17 10:41:27,EBAY,30.5,600,,,
2004/06/17 10:41:32,AAPL,35,100,,,
2004/06/17 10:41:34,EBAY,29.95,20000,,,
2004/06/17 10:41:37,MSFT,24.97,100,,,
2004/06/17 10:41:41,MSFT,24.97,800,,,
2004/06/17 10:41:44,JPM,36.25,300,,,
2004/06/17 10:41:46,JPM,36.35,200,,,
2004/06/17 10:41:46,FILE,6.4,2000,,,
2004/06/17 10:41:51,MRK,34,400,,,
2004/06/17 10:41:55,SWY,21.8,500,,,
2004/06/17 10:41:57,FILE,6.49,100,,,
2004/06/17 10:41:58,IBM,75.08,20000,,,
2004/06/17 10:41:59,IBM,75.15,20000,,,
2004/06/17 10:42:03,SWY,21.7,20000,,,
2004/06/17 10:42:05,JPM,36.1,200,,,
2004/06/17 10:42:06,EBAY,30.5,100,,,
2004/06/17 10:42:09,AAPL,35,500,,,
2004/06/17 10:42:13,EBAY,29.95,200,,,
2004/06/17 10:42:16,MSFT,24.97,100,,,
2004/06/17 10:42:17,MSFT,24.97,100,,,
2004/06/17 10:42:19,JPM,36.25,100,,,
2004/06/17 10:42:23,JPM,36.35,100,,,
2004/06/17 10:42:24,FILE,6.4,200,,,
2004/06/17 10:42:27,MRK,34,200,,,
2004/06/17 10:42:30,SWY,21.8,20000,,,
2004/06/17 10:42:34,MRK,34.1,100,,,
2004/06/17 10:42:37,MRK,34.25,20000,,,
2004/06/17 10:42:38,MRK,33.9,1900,,,
2004/06/17 10:42:40,MRK,34.05,100,,,
2004/06/17 10:42:44,IBM,75.25,100,,,
2004/06/17 10:42:45,PFE,28.3,2100,,,
2004/06/17 10:42:47,EBAY,30.6,100,,,
2004/06/17 10:42:50,AAPL,35.15,1000,,,
2004/06/17 10:42:54,SWY,21.55,200,,,
2004/06/17 10:42:55,EBAY,30.44,700,,,
2004/06/17 10:42:56,FILE,6.49,20000,,,
2004/06/17 10:43:01,IBM,75.08,2000,,,
2004/06/17 10:43:04,IBM,75.15,2200,,,
2004/06/17 10:43:06,SWY,21.7,1500,,,
2004/06/17 10:43:07,MW,37.08,20000,,,
2004/06/17 10:43:09,EBAY,30.5,100,,,
2004/06/17 10:43:13,AAPL,35,100,,,
2004/06/17 10:43:14,EBAY,29.95,100,,,
2004/06/17 10:43:15,MSFT,24.97,200,,,
2004/06/17 10:43:15,MSFT,24.97,100,,,
2004/06/17 10:43:16,JPM,36.25,200,,,
2004/06/17 10:43:21,JPM,36.35,500,,,
2004/06/17 10:43:22,FILE,6.4,200,,,
2004/06/17 10:43:25,MRK,34,100,,,
2004/06/17 10:43:28,SWY,21.8,2100,,,
2004/06/17 10:43:33,MRK,34.1,3000,,,
2004/06/17 10:43:36,MRK,34.1,500,,,
2004/06/17 10:43:39,MRK,33.9,4500,,,
2004/06/17 10:43:43,MRK,34.05,700,,,
2004/06/17 10:43:44,IBM,75.25,2100,,,
2004/06/17 10:43:46,PFE,28.3,850,,,
2004/06/17 10:43:48,EBAY,30.6,2100,,,
2004/06/17 10:43:49,JPM,35.15,200,,,
2004/06/17 10:43:52,SWY,21.55,500,,,
2004/06/17 10:43:56,JPM,36.35,100,,,
2004/06/17 10:43:59,FILE,6.4,100,,,
2004/06/17 10:44:01,MRK,34,1500,,,
2004/06/17 10:44:02,SWY,21.8,100,,,
2004/06/17 10:44:06,MRK,34.1,300,,,
2004/06/17 10:44:07,MRK,34.1,100,,,
2004/06/17 10:44:09,MRK,33.9,100,,,
2004/06/17 10:44:12,MRK,34.05,100,,,
2004/06/17 10:44:15,IBM,75.25,100,,,
2004/06/17 10:44:16,PFE,28.3,200,,,
2004/06/17 10:44:19,EBAY,30.6,100,,,
2004/06/17 10:44:23,AAPL,35.15,600,,,
2004/06/17 10:44:25,SWY,21.55,100,,,
2004/06/17 10:44:28,EBAY,30.44,1500,,,
2004/06/17 10:44:30,FILE,6.49,400,,,
2004/06/17 10:44:32,IBM,75.08,100,,,
2004/06/17 10:44:33,IBM,75.15,200,,,
2004/06/17 10:44:35,SWY,21.7,100,,,
2004/06/17 10:44:38,MW,37.08,100,,,
2004/06/17 10:44:43,EBAY,30.5,700,,,
2004/06/17 10:44:47,AAPL,35,2100,,,
2004/06/17 10:44:48,EBAY,29.95,100,,,
2004/06/17 10:44:51,MSFT,24.97,100,,,
2004/06/17 10:44:52,MSFT,24.97,200,,,
2004/06/17 10:44:54,JPM,36.25,200,,,
2004/06/17 10:44:58,EBAY,30.5,200,,,
2004/06/17 10:45:02,AAPL,35,200,,,
2004/06/17 10:45:04,EBAY,29.95,2600,,,
2004/06/17 10:45:09,MSFT,24.97,400,,,
2004/06/17 10:45:11,MSFT,24.97,100,,,
2004/06/17 10:45:13,JPM,36.25,100,,,
2004/06/17 10:45:17,JPM,36.35,100,,,
2004/06/17 10:45:20,FILE,6.4,2500,,,
2004/06/17 10:45:22,MRK,34,200,,,
2004/06/17 10:45:25,SWY,21.8,100,,,
2004/06/17 10:45:29,IBM,75.08,1000,,,
2004/06/17 10:45:31,IBM,75.15,100,,,
2004/06/17 10:45:32,SWY,21.7,100,,,
2004/06/17 10:45:35,MW,37.08,600,,,
2004/06/17 10:45:37,EBAY,30.5,300,,,
2004/06/17 10:45:38,AAPL,35,100,,,
2004/06/17 10:45:39,EBAY,29.95,100,,,
2004/06/17 10:45:40,MSFT,24.97,400,,,
2004/06/17 10:45:42,MSFT,24.97,500,,,
2004/06/17 10:45:46,JPM,36.25,3000,,,
2004/06/17 10:45:49,JPM,36.35,1100,,,
2004/06/17 10:45:54,FILE,6.4,100,,,
2004/06/17 10:45:54,MRK,34,100,,,
2004/06/17 10:45:56,SWY,21.8,300,,,
2004/06/17 10:46:00,MRK,34.1,200,,,
2004/06/17 10:46:00,AAPL,35.15,500,,,
2004/06/17 10:46:02,SWY,21.55,400,,,
2004/06/17 10:46:06,EBAY,30.44,100,,,
2004/06/17 10:46:09,FILE,6.49,300,,,
2004/06/17 10:46:13,IBM,75.08,100,,,
2004/06/17 10:46:17,IBM,75.15,100,,,
2004/06/17 10:46:19,SWY,21.7,400,,,
2004/06/17 10:46:19,MW,37.08,500,,,
2004/06/17 10:46:21,EBAY,30.5,3000,,,
2004/06/17 10:46:26,AAPL,35,1100,,,
2004/06/17 10:46:28,EBAY,29.95,100,,,
2004/06/17 10:46:32,MSFT,24.97,100,,,
2004/06/17 10:46:32,MSFT,24.97,300,,,
2004/06/17 10:46:33,JPM,36.25,200,,,
2004/06/17 10:46:35,IBM,75.08,500,,,
2004/06/17 10:46:38,IBM,75.15,400,,,
2004/06/17 10:46:43,SWY,21.7,100,,,
2004/06/17 10:46:45,MW,37.08,100,,,
2004/06/17 10:46:49,EBAY,30.5,3000,,,
2004/06/17 10:46:51,AAPL,35,100,,,
2004/06/17 10:46:52,EBAY,29.95,200,,,
2004/06/17 10:46:53,MSFT,24.97,2100,,,
2004/06/17 10:46:56,MSFT,24.97,100,,,
2004/06/17 10:47:00,JPM,36.25,500,,,
2004/06/17 10:47:02,JPM,36.35,2200,,,
2004/06/17 10:47:04,FILE,6.4,300,,,
2004/06/17 10:47:05,MRK,34,2500,,,
2004/06/17 10:47:06,SWY,21.8,4500,,,
2004/06/17 10:47:08,IBM,75.08,300,,,
2004/06/17 10:47:10,IBM,75.15,100,,,
2004/06/17 10:47:14,SWY,21.7,100,,,
2004/06/17 10:47:15,MW,37.08,400,,,
2004/06/17 10:47:17,EBAY,30.5,500,,,
2004/06/17 10:47:18,AAPL,35,3000,,,
2004/06/17 10:47:19,EBAY,29.95,1100,,,
2004/06/17 10:47:23,MSFT,24.97,1100,,,
2004/06/17 10:47:28,MSFT,24.97,100,,,
2004/06/17 10:47:31,JPM,36.25,1300,,,
2004/06/17 10:47:32,JPM,36.35,200,,,
2004/06/17 10:47:34,FILE,6.4,500,,,
2004/06/17 10:47:36,EBAY,30.44,400,,,
2004/06/17 10:47:40,FILE,6.49,100,,,
2004/06/17 10:47:42,IBM,75.08,100,,,
2004/06/17 10:47:45,IBM,75.15,3000,,,
2004/06/17 10:47:48,SWY,21.7,100,,,
2004/06/17 10:47:53,MW,37.08,200,,,
2004/06/17 10:47:54,EBAY,30.5,1500,,,
2004/06/17 10:47:55,AAPL,35,100,,,
2004/06/17 10:47:59,EBAY,29.95,800,,,
2004/06/17 10:48:03,MSFT,24.97,300,,,
2004/06/17 10:48:07,MSFT,24.97,1000,,,
2004/06/17 10:48:10,EBAY,30.5,100,,,
2004/06/17 10:48:12,AAPL,35,800,,,
2004/06/17 10:48:14,EBAY,29.95,700,,,
2004/06/17 10:48:15,MSFT,24.97,200,,,
2004/06/17 10:48:20,MSFT,24.97,2000,,,
2004/06/17 10:48:22,JPM,36.25,400,,,
2004/06/17 10:48:25,JPM,36.35,100,,,
2004/06/17 10:48:29,FILE,6.4,100,,,
2004/06/17 10:48:33,MRK,34,300,,,
2004/06/17 10:48:35,SWY,21.8,200,,,
2004/06/17 10:48:36,IBM,75.08,500,,,
2004/06/17 10:48:40,IBM,75.15,400,,,
2004/06/17 10:48:42,IBM,76,100,,,
2004/06/17 10:48:46,MW,37.08,300,,,
2004/06/17 10:48:48,EBAY,30.5,200,,,
2004/06/17 10:48:50,AAPL,35,4000,,,
2004/06/17 10:48:51,EBAY,30.5,100,,,
2004/06/17 10:48:55,AAPL,35,700,,,
2004/06/17 10:48:56,EBAY,29.95,2200,,,
2004/06/17 10:48:59,MSFT,24.97,20000,,,
2004/06/17 10:49:04,MSFT,24.97,100,,,
2004/06/17 10:49:07,JPM,36.25,400,,,
2004/06/17 10:49:10,JPM,36.35,400,,,
2004/06/17 10:49:14,FILE,6.4,100,,,
2004/06/17 10:49:17,MRK,34,500,,,
2004/06/17 10:49:19,SWY,21.8,200,,,
2004/06/17 10:49:21,IBM,75.08,800,,,
2004/06/17 10:49:22,IBM,75.15,200,,,
2004/06/17 10:49:23,SWY,21.7,100,,,
2004/06/17 10:49:24,MW,37.08,700,,,
2004/06/17 10:49:27,EBAY,30.5,100,,,
2004/06/17 10:49:28,AAPL,35,100,,,
2004/06/17 10:49:30,EBAY,29.95,300,,,
2004/06/17 10:49:31,MSFT,24.97,700,,,
2004/06/17 10:49:36,MSFT,24.97,600,,,
2004/06/17 10:49:36,FILE,6.4,800,,,
2004/06/17 10:49:40,MRK,34,100,,,
2004/06/17 10:49:42,SWY,21.8,1500,,,
2004/06/17 10:49:43,MRK,34.1,1600,,,
2004/06/17 10:49:47,MRK,34.1,700,,,
2004/06/17 10:49:49,MRK,33.9,700,,,
2004/06/17 10:49:50,MRK,34.05,700,,,
2004/06/17 10:49:55,IBM,75.25,900,,,
2004/06/17 10:49:56,PFE,28.3,900,,,
2004/06/17 10:49:58,EBAY,30.6,680,,,
2004/06/17 10:50:00,AAPL,35.15,900,,,
2004/06/17 10:50:01,SWY,21.55,800,,,
2004/06/17 10:50:02,EBAY,30.44,100,,,
2004/06/17 10:50:03,FILE,6.49,7800,,,
2004/06/17 10:50:07,IBM,75.08,100,,,
2004/06/17 10:50:08,IBM,75.15,2000,,,
2004/06/17 10:50:10,SWY,21.7,100,,,
2004/06/17 10:50:13,EBAY,30.5,100,,,
2004/06/17 10:50:17,AAPL,35,900,,,
2004/06/17 10:50:20,EBAY,29.95,20000,,,
2004/06/17 10:50:21,MSFT,24.97,900,,,
2004/06/17 10:50:22,MSFT,24.97,200,,,
2004/06/17 10:50:26,JPM,36.25,100,,,
2004/06/17 10:50:29,JPM,36.35,2200,,,
2004/06/17 10:50:33,FILE,6.4,200,,,
2004/06/17 10:50:34,MRK,34,800,,,
2004/06/17 10:50:34,SWY,21.8,400,,,
2004/06/17 10:50:35,IBM,75.08,500,,,
2004/06/17 10:50:39,IBM,75.15,2200,,,
2004/06/17 10:50:43,SWY,21.7,20000,,,
2004/06/17 10:50:46,MW,37.08,700,,,
2004/06/17 10:50:49,EBAY,30.5,100,,,
2004/06/17 10:50:53,AAPL,35,100,,,
2004/06/17 10:50:56,EBAY,29.95,100,,,
2004/06/17 10:50:58,MSFT,24.97,200,,,
2004/06/17 10:50:59,MSFT,24.97,100,,,
2004/06/17 10:51:01,JPM,36.25,100,,,
2004/06/17 10:51:03,JPM,36.35,100,,,
2004/06/17 10:51:05,FILE,6.4,100,,,
2004/06/17 10:51:10,MRK,34,100,,,
2004/06/17 10:51:12,SWY,21.8,100,,,
2004/06/17 10:51:16,MRK,34.1,100,,,
2004/06/17 10:51:20,EBAY,30.5,100,,,
2004/06/17 10:51:22,SWY,21.7,200,,,
2004/06/17 10:51:24,MW,37.08,400,,,
2004/06/17 10:51:28,EBAY,30.5,800,,,
2004/06/17 10:51:32,AAPL,35,500,,,
2004/06/17 10:51:35,EBAY,29.95,100,,,
2004/06/17 10:51:39,MSFT,24.97,1000,,,
2004/06/17 10:51:40,MSFT,24.97,20000,,,
2004/06/17 10:51:41,JPM,36.25,100,,,
2004/06/17 10:51:45,JPM,36.35,100,,,
2004/06/17 10:51:49,FILE,6.4,200,,,
2004/06/17 10:51:52,MRK,34,700,,,
2004/06/17 10:51:56,SWY,21.8,700,,,
2004/06/17 10:52:01,MRK,34.1,100,,,
2004/06/17 10:52:02,EBAY,30.5,100,,,
2004/06/17 10:52:07,AAPL,35,100,,,
2004/06/17 10:52:11,EBAY,29.95,200,,,
2004/06/17 10:52:12,MSFT,24.97,100,,,
2004/06/17 10:52:15,MSFT,24.97,100,,,
2004/06/17 10:52:19,JPM,36.25,500,,,
2004/06/17 10:52:22,JPM,36.35,200,,,
2004/06/17 10:52:23,FILE,6.4,7000,,,
2004/06/17 10:52:26,EBAY,30.44,800,,,
2004/06/17 10:52:29,FILE,6.49,200,,,
2004/06/17 10:52:34,IBM,75.08,100,,,
2004/06/17 10:52:38,IBM,75.15,700,,,
2004/06/17 10:52:39,SWY,21.7,100,,,
2004/06/17 10:52:41,MW,37.08,100,,,
2004/06/17 10:52:42,EBAY,30.5,300,,,
2004/06/17 10:52:45,AAPL,35,700,,,
2004/06/17 10:52:48,EBAY,29.95,600,,,
2004/06/17 10:52:52,MSFT,24.97,800,,,
2004/06/17 10:52:55,MSFT,24.97,100,,,
2004/06/17 10:52:56,JPM,36.25,1500,,,
2004/06/17 10:52:57,JPM,36.35,1600,,,
2004/06/17 10:53:01,FILE,6.4,700,,,
2004/06/17 10:53:02,MRK,34,700,,,
2004/06/17 10:53:06,SWY,21.8,700,,,
2004/06/17 10:53:07,FILE,6.49,900,,,
2004/06/17 10:53:10,IBM,75.08,900,,,
2004/06/17 10:53:12,IBM,75.15,680,,,
2004/06/17 10:53:14,SWY,21.7,900,,,
2004/06/17 10:53:19,JPM,36.1,800,,,
2004/06/17 10:53:21,EBAY,30.5,100,,,
2004/06/17 10:53:25,AAPL,35,7800,,,
2004/06/17 10:53:27,EBAY,29.95,100,,,
2004/06/17 10:53:30,MSFT,24.97,2000,,,
2004/06/17 10:53:31,MSFT,24.97,100,,,
2004/06/17 10:53:32,JPM,36.25,100,,,
2004/06/17 10:53:37,JPM,36.35,900,,,
2004/06/17 10:53:41,FILE,6.4,20000,,,
2004/06/17 10:53:43,MRK,34,900,,,
2004/06/17 10:53:44,SWY,21.8,200,,,
2004/06/17 10:53:46,MRK,34.1,600,,,
2004/06/17 10:53:50,MRK,34.25,4500,,,
2004/06/17 10:53:52,MRK,33.9,800,,,
2004/06/17 10:53:57,MRK,34.05,200,,,
2004/06/17 10:54:01,IBM,75.25,100,,,
2004/06/17 10:54:03,PFE,28.3,700,,,
2004/06/17 10:54:07,EBAY,30.6,100,,,
2004/06/17 10:54:08,AAPL,35.15,100,,,
2004/06/17 10:54:09,SWY,21.55,300,,,
2004/06/17 10:54:12,EBAY,30.44,700,,,
2004/06/17 10:54:16,FILE,6.49,600,,,
2004/06/17 10:54:17,IBM,75.08,800,,,
2004/06/17 10:54:19,IBM,75.15,100,,,
2004/06/17 10:54:21,SWY,21.7,1500,,,
2004/06/17 10:54:22,MW,37.08,1600,,,
2004/06/17 10:54:24,EBAY,30.5,700,,,
2004/06/17 10:54:27,AAPL,35,700,,,
2004/06/17 10:54:31,EBAY,29.95,700,,,
2004/06/17 10:54:35,MSFT,24.97,900,,,
2004/06/17 10:54:36,MSFT,24.97,900,,,
2004/06/17 10:54:40,JPM,36.25,680,,,
2004/06/17 10:54:41,JPM,36.35,900,,,
2004/06/17 10:54:43,FILE,6.4,800,,,
2004/06/17 10:54:45,MRK,34,100,,,
2004/06/17 10:54:46,SWY,21.8,7800,,,
2004/06/17 10:54:47,MRK,34.1,100,,,
2004/06/17 10:54:49,MRK,34.1,2000,,,
2004/06/17 10:54:50,MRK,33.9,100,,,
2004/06/17 10:54:52,MRK,34.05,100,,,
2004/06/17 10:54:56,IBM,75.25,900,,,
2004/06/17 10:54:59,PFE,28.3,20000,,,
2004/06/17 10:55:02,EBAY,30.6,900,,,
2004/06/17 10:55:06,JPM,35.15,200,,,
2004/06/17 10:55:07,SWY,21.55,1600,,,
2004/06/17 10:55:11,JPM,36.35,100,,,
2004/06/17 10:55:13,FILE,6.4,100,,,
2004/06/17 10:55:15,MRK,34,200,,,
2004/06/17 10:55:19,SWY,21.8,100,,,
2004/06/17 10:55:24,MRK,34.1,1700,,,
2004/06/17 10:55:26,MRK,34.1,500,,,
2004/06/17 10:55:27,MRK,33.9,100,,,
2004/06/17 10:55:31,MRK,34.05,1300,,,
2004/06/17 10:55:35,IBM,75.25,100,,,
2004/06/17 10:55:38,PFE,28.3,100,,,
2004/06/17 10:55:43,EBAY,30.6,100,,,
2004/06/17 10:55:44,AAPL,35.15,700,,,
2004/06/17 10:55:46,SWY,21.55,12100,,,
2004/06/17 10:55:47,EBAY,30.44,100,,,
2004/06/17 10:55:51,FILE,6.49,100,,,
2004/06/17 10:55:54,IBM,75.08,1700,,,
2004/06/17 10:55:56,IBM,75.15,100,,,
2004/06/17 10:55:58,SWY,21.7,1700,,,
2004/06/17 10:56:02,MW,37.08,1700,,,
2004/06/17 10:56:04,EBAY,30.5,1700,,,
2004/06/17 10:56:09,AAPL,35,100,,,
2004/06/17 10:56:10,EBAY,29.95,1700,,,
2004/06/17 10:56:13,MSFT,24.97,1000,,,
2004/06/17 10:56:14,MSFT,24.97,100,,,
2004/06/17 10:56:15,JPM,36.25,100,,,
2004/06/17 10:56:16,EBAY,30.5,300,,,
2004/06/17 10:56:17,AAPL,35,1600,,,
2004/06/17 10:56:20,EBAY,29.95,700,,,
2004/06/17 10:56:23,MSFT,24.97,400,,,
2004/06/17 10:56:25,MSFT,24.97,100,,,
2004/06/17 10:56:29,JPM,36.25,800,,,
2004/06/17 10:56:33,JPM,36.35,200,,,
2004/06/17 10:56:34,FILE,6.6,100,,,
2004/06/17 10:56:36,IBM,75.15,700,,,
2004/06/17 10:56:40,SWY,21.7,100,,,
2004/06/17 10:56:43,JPM,36.1,100,,,
2004/06/17 10:56:46,EBAY,30.5,300,,,
2004/06/17 10:56:47,AAPL,35,700,,,
2004/06/17 10:56:51,EBAY,29.95,600,,,
2004/06/17 10:56:52,MSFT,24.97,800,,,
2004/06/17 10:56:55,MSFT,24.97,100,,,
2004/06/17 10:56:58,JPM,36.25,1500,,,
2004/06/17 10:57:00,JPM,36.35,1600,,,
2004/06/17 10:57:03,FILE,6.4,700,,,
2004/06/17 10:57:07,MRK,34,700,,,
2004/06/17 10:57:10,SWY,21.8,700,,,
2004/06/17 10:57:13,MRK,34.1,900,,,
2004/06/17 10:57:17,MRK,34.25,900,,,
2004/06/17 10:57:21,MRK,33.9,680,,,
2004/06/17 10:57:23,MRK,34.05,900,,,
2004/06/17 10:57:26,IBM,75.25,800,,,
2004/06/17 10:57:29,PFE,28.3,100,,,
2004/06/17 10:57:32,EBAY,30.6,7800,,,
2004/06/17 10:57:33,AAPL,35.15,100,,,
2004/06/17 10:57:36,SWY,21.55,2000,,,
2004/06/17 10:57:37,EBAY,30.44,100,,,
2004/06/17 10:57:39,FILE,6.49,100,,,
2004/06/17 10:57:43,IBM,75.08,900,,,
2004/06/17 10:57:46,IBM,75.15,20000,,,
2004/06/17 10:57:48,SWY,21.7,900,,,
2004/06/17 10:57:52,MW,37.08,200,,,
2004/06/17 10:57:54,EBAY,30.5,100,,,
2004/06/17 10:57:56,AAPL,35,200,,,
2004/06/17 10:57:59,EBAY,29.95,100,,,
2004/06/17 10:58:01,MSFT,24.97,1700,,,
2004/06/17 10:58:05,MSFT,24.97,500,,,
2004/06/17 10:58:07,JPM,36.25,100,,,
2004/06/17 10:58:08,JPM,36.35,1300,,,
2004/06/17 10:58:11,FILE,6.4,100,,,
2004/06/17 10:58:14,MRK,34,100,,,
2004/06/17 10:58:17,SWY,21.8,100,,,
2004/06/17 10:58:20,MRK,34.1,700,,,
2004/06/17 10:58:24,MRK,34.1,12100,,,
2004/06/17 10:58:25,MRK,33.9,100,,,
2004/06/17 10:58:26,MRK,34.05,100,,,
2004/06/17 10:58:29,IBM,75.25,1700,,,
2004/06/17 10:58:33,PFE,28.3,100,,,
2004/06/17 10:58:35,EBAY,30.6,1700,,,
2004/06/17 10:58:38,JPM,35.15,1700,,,
2004/06/17 10:58:39,SWY,21.55,1700,,,
2004/06/17 10:58:40,JPM,36.35,100,,,
2004/06/17 10:58:42,FILE,6.4,1700,,,
2004/06/17 10:58:43,MRK,34,1000,,,
2004/06/17 10:58:48,SWY,21.8,100,,,
2004/06/17 10:58:51,MRK,34.1,100,,,
2004/06/17 10:58:52,MRK,34.1,200,,,
2004/06/17 10:58:55,MRK,33.9,1800,,,
2004/06/17 10:58:57,MRK,34.05,400,,,
2004/06/17 10:58:59,IBM,75.25,100,,,
2004/06/17 10:59:01,PFE,28.3,300,,,
2004/06/17 10:59:03,EBAY,30.6,400,,,
2004/06/17 10:59:04,AAPL,35.15,100,,,
2004/06/17 10:59:05,SWY,21.55,100,,,
2004/06/17 10:59:08,EBAY,30.44,500,,,
2004/06/17 10:59:08,FILE,6.49,750,,,
2004/06/17 10:59:09,IBM,75.08,200,,,
2004/06/17 10:59:10,IBM,75.15,1700,,,
2004/06/17 10:59:13,SWY,21.7,200,,,
2004/06/17 10:59:14,MW,37.08,800,,,
2004/06/17 10:59:15,EBAY,30.5,800,,,
2004/06/17 10:59:18,AAPL,35,800,,,
2004/06/17 10:59:22,EBAY,29.95,800,,,
2004/06/17 10:59:25,MSFT,24.97,800,,,
2004/06/17 10:59:28,MSFT,25.05,800,,,
2004/06/17 10:59:33,JPM,36.25,800,,,
2004/06/17 10:59:36,JPM,36.35,800,,,
2004/06/17 10:59:40,FILE,6.4,800,,,
2004/06/17 10:59:45,MRK,34,800,,,
2004/06/17 10:59:49,SWY,21.8,800,,,
2004/06/17 10:59:50,MRK,34.1,800,,,
2004/06/17 10:59:51,MRK,34.1,800,,,
2004/06/17 10:59:55,MRK,33.9,800,,,
2004/06/17 10:59:59,MRK,34.05,800,,,
2004/06/17 11:00:03,IBM,75.25,800,,,
2004/06/17 11:00:05,PFE,28.3,900,,,
2004/06/17 11:00:10,EBAY,30.6,400,,,
2004/06/17 11:00:11,AAPL,35.15,100,,,
2004/06/17 11:00:14,SWY,21.55,800,,,
2004/06/17 11:00:18,JPM,36.35,100,,,
2004/06/17 11:00:23,FILE,6.4,800,,,
2004/06/17 11:00:24,MRK,34,100,,,
2004/06/17 11:00:27,SWY,21.8,100,,,
2004/06/17 11:00:29,MRK,34.1,100,,,
2004/06/17 11:00:30,MRK,34.1,200,,,
2004/06/17 11:00:31,MRK,33.9,1800,,,
2004/06/17 11:00:33,MRK,34.05,400,,,
2004/06/17 11:00:35,IBM,75.25,100,,,
2004/06/17 11:00:39,PFE,28.3,300,,,
2004/06/17 11:00:43,EBAY,30.6,400,,,
2004/06/17 11:00:46,AAPL,35.15,200,,,
2004/06/17 11:00:47,SWY,21.55,300,,,
2004/06/17 11:00:48,EBAY,30.44,800,,,
2004/06/17 11:00:50,FILE,6.49,800,,,
2004/06/17 11:00:52,IBM,75.08,800,,,
2004/06/17 11:00:54,IBM,75.15,800,,,
2004/06/17 11:00:56,SWY,21.7,800,,,
2004/06/17 11:00:58,MW,37.08,800,,,
2004/06/17 11:01:01,EBAY,30.5,800,,,
2004/06/17 11:01:03,AAPL,35,800,,,
2004/06/17 11:01:05,EBAY,29.95,800,,,
2004/06/17 11:01:08,MSFT,24.97,800,,,
2004/06/17 11:01:11,MSFT,24.97,800,,,
2004/06/17 11:01:15,JPM,36.25,800,,,
2004/06/17 11:01:19,JPM,36.35,800,,,
2004/06/17 11:01:22,FILE,6.4,800,,,
2004/06/17 11:01:24,MRK,34,800,,,
2004/06/17 11:01:25,SWY,21.8,800,,,
2004/06/17 11:01:26,IBM,75.08,800,,,
2004/06/17 11:01:28,IBM,75.15,800,,,
2004/06/17 11:01:31,SWY,21.7,800,,,
2004/06/17 11:01:32,MW,37.08,800,,,
2004/06/17 11:01:36,EBAY,30.5,800,,,
2004/06/17 11:01:39,AAPL,35,200,,,
2004/06/17 11:01:41,EBAY,29.95,1700,,,
2004/06/17 11:01:42,MSFT,24.97,100,,,
2004/06/17 11:01:47,MSFT,24.97,100,,,
2004/06/17 11:01:47,JPM,36.25,2500,,,
2004/06/17 11:01:49,JPM,36.35,200,,,
2004/06/17 11:01:50,FILE,6.4,100,,,
2004/06/17 11:01:52,MRK,34,100,,,
2004/06/17 11:01:53,SWY,21.8,100,,,
2004/06/17 11:01:57,MRK,34.1,200,,,
2004/06/17 11:01:59,MRK,34.1,1500,,,
2004/06/17 11:02:03,MRK,33.9,1600,,,
2004/06/17 11:02:07,MRK,34.05,700,,,
2004/06/17 11:02:12,IBM,75.25,700,,,
2004/06/17 11:02:16,PFE,28.3,700,,,
2004/06/17 11:02:19,EBAY,30.6,900,,,
2004/06/17 11:02:19,AAPL,35.15,900,,,
2004/06/17 11:02:21,SWY,21.55,680,,,
2004/06/17 11:02:24,EBAY,30.44,900,,,
2004/06/17 11:02:27,FILE,6.49,800,,,
2004/06/17 11:02:29,IBM,75.08,100,,,
2004/06/17 11:02:31,IBM,75.15,7800,,,
2004/06/17 11:02:34,SWY,21.7,100,,,
2004/06/17 11:02:38,MW,37.08,2000,,,
2004/06/17 11:02:40,EBAY,30.5,100,,,
2004/06/17 11:02:41,AAPL,35,100,,,
2004/06/17 11:02:43,EBAY,29.95,900,,,
2004/06/17 11:02:45,MSFT,24.97,20000,,,
2004/06/17 11:02:48,MSFT,24.97,900,,,
2004/06/17 11:02:51,JPM,36.25,200,,,
2004/06/17 11:02:52,IBM,75.08,600,,,
2004/06/17 11:02:55,IBM,75.15,4500,,,
2004/06/17 11:02:57,SWY,21.7,800,,,
2004/06/17 11:03:00,MW,37.08,200,,,
2004/06/17 11:03:04,EBAY,30.5,100,,,
2004/06/17 11:03:06,AAPL,35,700,,,
2004/06/17 11:03:08,EBAY,29.95,100,,,
2004/06/17 11:03:10,MSFT,24.97,100,,,
2004/06/17 11:03:12,MSFT,24.97,300,,,
2004/06/17 11:03:13,JPM,36.25,700,,,
2004/06/17 11:03:16,JPM,36.35,600,,,
2004/06/17 11:03:17,FILE,6.4,800,,,
2004/06/17 11:03:22,MRK,34,100,,,
2004/06/17 11:03:26,SWY,21.8,1500,,,
2004/06/17 11:03:29,IBM,75.08,1600,,,
2004/06/17 11:03:31,IBM,75.15,700,,,
2004/06/17 11:03:35,SWY,21.7,700,,,
2004/06/17 11:03:35,MW,37.08,700,,,
2004/06/17 11:03:36,EBAY,30.5,900,,,
2004/06/17 11:03:41,AAPL,35,900,,,
2004/06/17 11:03:43,EBAY,29.95,680,,,
2004/06/17 11:03:47,MSFT,24.97,900,,,
2004/06/17 11:03:48,MSFT,24.97,800,,,
2004/06/17 11:03:52,JPM,36.25,100,,,
2004/06/17 11:03:54,JPM,36.35,7800,,,
2004/06/17 11:03:55,FILE,6.4,100,,,
2004/06/17 11:04:00,EBAY,30.44,2000,,,
2004/06/17 11:04:02,FILE,6.49,100,,,
2004/06/17 11:04:06,IBM,75.08,100,,,
2004/06/17 11:04:07,IBM,75.15,900,,,
2004/06/17 11:04:10,SWY,21.7,20000,,,
2004/06/17 11:04:13,MW,37.08,900,,,
2004/06/17 11:04:16,EBAY,30.5,200,,,
2004/06/17 11:04:19,AAPL,35,1600,,,
2004/06/17 11:04:21,EBAY,29.95,100,,,
2004/06/17 11:04:25,MSFT,24.97,100,,,
2004/06/17 11:04:29,MSFT,24.97,200,,,
2004/06/17 11:04:32,JPM,36.25,100,,,
2004/06/17 11:04:34,JPM,36.35,1700,,,
2004/06/17 11:04:36,FILE,6.4,500,,,
2004/06/17 11:04:38,MRK,34,100,,,
2004/06/17 11:04:41,SWY,21.8,1300,,,
2004/06/17 11:04:45,FILE,6.49,100,,,
2004/06/17 11:04:50,IBM,75.08,100,,,
2004/06/17 11:04:53,IBM,75.15,100,,,
2004/06/17 11:04:55,SWY,21.7,700,,,
2004/06/17 11:04:59,MW,37.08,12100,,,
2004/06/17 11:05:00,EBAY,30.5,100,,,
2004/06/17 11:05:04,AAPL,35,100,,,
2004/06/17 11:05:08,EBAY,29.95,1700,,,
2004/06/17 11:05:11,MSFT,24.97,100,,,
2004/06/17 11:05:13,MSFT,24.97,1700,,,
2004/06/17 11:05:14,JPM,36.25,1700,,,
2004/06/17 11:05:18,JPM,36.35,1700,,,
2004/06/17 11:05:22,FILE,6.4,100,,,
2004/06/17 11:05:24,MRK,34,1700,,,
2004/06/17 11:05:25,SWY,21.8,1000,,,
2004/06/17 11:05:28,MRK,34.1,100,,,
2004/06/17 11:05:32,MRK,34.1,2300,,,
2004/06/17 11:05:33,MRK,33.9,2300,,,
2004/06/17 11:05:37,MRK,34.05,0,,,
2004/06/17 11:05:38,IBM,75.25,100,,,
2004/06/17 11:05:40,PFE,28.3,100,,,
2004/06/17 11:05:42,EBAY,30.6,3000,,,
2004/06/17 11:05:47,AAPL,35.15,100,,,
2004/06/17 11:05:51,SWY,21.55,100,,,
2004/06/17 11:05:54,EBAY,30.44,100,,,
2004/06/17 11:05:55,FILE,6.49,100,,,
2004/06/17 11:05:59,IBM,75.08,100,,,
2004/06/17 11:06:00,IBM,75.15,200,,,
2004/06/17 11:06:04,SWY,21.7,200,,,
2004/06/17 11:06:06,MW,37.08,2300,,,
2004/06/17 11:06:07,EBAY,30.5,1000,,,
2004/06/17 11:06:09,AAPL,35,2200,,,
2004/06/17 11:06:11,EBAY,29.95,2200,,,
2004/06/17 11:06:13,MSFT,24.97,500,,,
2004/06/17 11:06:15,MSFT,24.97,100,,,
2004/06/17 11:06:20,JPM,36.25,3500,,,
2004/06/17 11:06:23,JPM,36.35,800,,,
2004/06/17 11:06:24,FILE,6.4,2300,,,
2004/06/17 11:06:28,MRK,34,100,,,
2004/06/17 11:06:33,SWY,21.8,100,,,
2004/06/17 11:06:36,MRK,34.1,1900,,,
2004/06/17 11:06:37,MRK,34.1,1800,,,
2004/06/17 11:06:40,MRK,33.9,100,,,
2004/06/17 11:06:42,MRK,34.05,1000,,,
2004/06/17 11:06:44,IBM,75.25,500,,,
2004/06/17 11:06:46,PFE,28.3,100,,,
2004/06/17 11:06:48,EBAY,30.6,800,,,
2004/06/17 11:06:51,AAPL,35.15,400,,,
2004/06/17 11:06:54,SWY,21.55,200,,,
2004/06/17 11:06:55,JPM,36.35,0,,,
2004/06/17 11:06:56,FILE,6.4,100,,,
2004/06/17 11:06:57,MRK,34,100,,,
2004/06/17 11:06:58,SWY,21.8,100,,,
2004/06/17 11:07:01,MRK,34.1,300,,,
2004/06/17 11:07:05,MRK,34.1,1000,,,
2004/06/17 11:07:06,MRK,33.9,400,,,
2004/06/17 11:07:10,MRK,34.05,900,,,
2004/06/17 11:07:12,IBM,75.25,2200,,,
2004/06/17 11:07:16,PFE,28.3,1000,,,
2004/06/17 11:07:17,EBAY,30.6,400,,,
2004/06/17 11:07:20,AAPL,35.15,100,,,
2004/06/17 11:07:24,SWY,21.55,100,,,
2004/06/17 11:07:26,EBAY,30.44,2200,,,
2004/06/17 11:07:30,FILE,6.49,2200,,,
2004/06/17 11:07:31,IBM,75.08,100,,,
2004/06/17 11:07:32,IBM,75.15,0,,,
2004/06/17 11:07:34,SWY,21.7,0,,,
2004/06/17 11:07:37,MW,37.08,900,,,
2004/06/17 11:07:39,EBAY,30.5,500,,,
2004/06/17 11:07:40,AAPL,35,2200,,,
2004/06/17 11:07:43,EBAY,29.95,400,,,
2004/06/17 11:07:45,MSFT,24.97,100,,,
2004/06/17 11:07:46,MSFT,24.97,2200,,,
2004/06/17 11:07:48,JPM,36.25,300,,,
2004/06/17 11:07:50,JPM,36.35,300,,,
2004/06/17 11:07:54,FILE,6.4,100,,,
2004/06/17 11:07:56,MRK,34,100,,,
2004/06/17 11:08:00,SWY,21.8,2100,,,
2004/06/17 11:08:02,IBM,75.08,2300,,,
2004/06/17 11:08:03,IBM,75.15,100,,,
2004/06/17 11:08:06,SWY,21.7,1800,,,
2004/06/17 11:08:09,MW,37.08,1700,,,
2004/06/17 11:08:14,EBAY,30.5,100,,,
2004/06/17 11:08:14,AAPL,35,100,,,
2004/06/17 11:08:17,EBAY,29.95,400,,,
2004/06/17 11:08:18,MSFT,24.97,200,,,
2004/06/17 11:08:21,MSFT,24.97,800,,,
2004/06/17 11:08:21,JPM,36.25,100,,,
2004/06/17 11:08:23,JPM,36.35,100,,,
2004/06/17 11:08:27,FILE,6.4,100,,,
2004/06/17 11:08:29,MRK,34,14500,,,
2004/06/17 11:08:34,SWY,21.8,200,,,
2004/06/17 11:08:35,MRK,34.1,400,,,
2004/06/17 11:08:40,MRK,34.1,200,,,
2004/06/17 11:08:41,MRK,33.9,500,,,
2004/06/17 11:08:46,MRK,34.05,400,,,
2004/06/17 11:08:47,IBM,75.25,400,,,
2004/06/17 11:08:52,PFE,28.3,400,,,
2004/06/17 11:08:53,EBAY,30.6,0,,,
2004/06/17 11:08:53,AAPL,35.15,100,,,
2004/06/17 11:08:54,SWY,21.55,400,,,
2004/06/17 11:08:55,EBAY,30.44,200,,,
2004/06/17 11:08:56,FILE,6.49,800,,,
2004/06/17 11:08:59,IBM,75.08,800,,,
2004/06/17 11:09:02,IBM,75.15,800,,,
2004/06/17 11:09:04,SWY,21.7,900,,,
2004/06/17 11:09:05,EBAY,30.5,2300,,,
2004/06/17 11:09:07,AAPL,35,100,,,
2004/06/17 11:09:11,EBAY,29.95,300,,,
2004/06/17 11:09:12,MSFT,24.97,400,,,
2004/06/17 11:09:14,MSFT,24.97,2100,,,
2004/06/17 11:09:15,JPM,36.25,0,,,
2004/06/17 11:09:18,JPM,36.35,300,,,
2004/06/17 11:09:23,FILE,6.4,600,,,
2004/06/17 11:09:27,MRK,34,3700,,,
2004/06/17 11:09:30,SWY,21.8,1500,,,
2004/06/17 11:09:31,IBM,75.08,100,,,
2004/06/17 11:09:36,IBM,75.15,100,,,
2004/06/17 11:09:39,SWY,21.7,200,,,
2004/06/17 11:09:42,MW,37.08,500,,,
2004/06/17 11:09:46,EBAY,30.5,400,,,
2004/06/17 11:09:50,AAPL,35,900,,,
2004/06/17 11:09:54,EBAY,29.95,700,,,
2004/06/17 11:09:55,MSFT,24.97,1700,,,
2004/06/17 11:09:56,MSFT,24.97,600,,,
2004/06/17 11:10:00,JPM,36.25,500,,,
2004/06/17 11:10:03,JPM,36.35,700,,,
2004/06/17 11:10:05,FILE,6.4,400,,,
2004/06/17 11:10:06,MRK,34,100,,,
2004/06/17 11:10:10,SWY,21.8,1700,,,
2004/06/17 11:10:11,MRK,34.1,1700,,,
2004/06/17 11:10:15,EBAY,30.5,1700,,,
2004/06/17 11:10:19,AAPL,35,500,,,
2004/06/17 11:10:20,EBAY,29.95,100,,,
2004/06/17 11:10:24,MSFT,24.97,100,,,
2004/06/17 11:10:28,MSFT,24.97,100,,,
2004/06/17 11:10:31,JPM,36.25,700,,,
2004/06/17 11:10:32,JPM,36.35,1700,,,
2004/06/17 11:10:34,FILE,6.4,500,,,
2004/06/17 11:10:36,EBAY,30.44,700,,,
2004/06/17 11:10:37,FILE,6.49,1700,,,
2004/06/17 11:10:40,IBM,75.08,1700,,,
2004/06/17 11:10:43,IBM,75.15,200,,,
2004/06/17 11:10:46,SWY,21.7,1700,,,
2004/06/17 11:10:47,MW,37.08,400,,,
2004/06/17 11:10:47,EBAY,30.5,700,,,
2004/06/17 11:10:48,AAPL,35,100,,,
2004/06/17 11:10:53,EBAY,29.95,500,,,
2004/06/17 11:10:53,MSFT,24.97,400,,,
2004/06/17 11:10:55,MSFT,24.97,500,,,
2004/06/17 11:10:56,JPM,36.25,500,,,
2004/06/17 11:10:57,JPM,36.35,500,,,
2004/06/17 11:10:59,FILE,6.4,500,,,
2004/06/17 11:11:01,MRK,34,100,,,
2004/06/17 11:11:03,SWY,21.8,500,,,
2004/06/17 11:11:06,FILE,6.49,500,,,
2004/06/17 11:11:07,IBM,75.08,500,,,
2004/06/17 11:11:08,IBM,75.15,1600,,,
2004/06/17 11:11:09,SWY,21.7,600,,,
2004/06/17 11:11:10,JPM,36.1,500,,,
2004/06/17 11:11:11,EBAY,30.5,100,,,
2004/06/17 11:11:15,AAPL,35,300,,,
2004/06/17 11:11:19,EBAY,29.95,100,,,
2004/06/17 11:11:22,MSFT,24.97,100,,,
2004/06/17 11:11:24,MSFT,24.97,100,,,
2004/06/17 11:11:26,JPM,36.25,200,,,
2004/06/17 11:11:29,JPM,36.35,100,,,
2004/06/17 11:11:32,FILE,6.4,1100,,,
2004/06/17 11:11:37,MRK,34,4700,,,
2004/06/17 11:11:39,SWY,21.8,300,,,
2004/06/17 11:11:40,MRK,34.1,400,,,
2004/06/17 11:11:44,MRK,34.25,400,,,
2004/06/17 11:11:46,MRK,33.9,400,,,
2004/06/17 11:11:49,MRK,34.05,600,,,
2004/06/17 11:11:50,IBM,75.25,100,,,
2004/06/17 11:11:53,PFE,28.3,0,,,
2004/06/17 11:11:57,EBAY,30.6,400,,,
2004/06/17 11:11:59,AAPL,35.15,300,,,
2004/06/17 11:12:00,SWY,21.55,400,,,
2004/06/17 11:12:03,EBAY,30.44,800,,,
2004/06/17 11:12:05,FILE,6.49,300,,,
2004/06/17 11:12:10,IBM,75.08,300,,,
2004/06/17 11:12:13,IBM,75.15,400,,,
2004/06/17 11:12:14,SWY,21.7,1600,,,
2004/06/17 11:12:16,MW,37.08,1600,,,
2004/06/17 11:12:17,EBAY,30.5,1600,,,
2004/06/17 11:12:19,AAPL,35,2800,,,
2004/06/17 11:12:22,EBAY,29.95,1600,,,
2004/06/17 11:12:27,MSFT,24.97,200,,,
2004/06/17 11:12:28,MSFT,24.97,1100,,,
2004/06/17 11:12:30,JPM,36.25,10000,,,
2004/06/17 11:12:32,JPM,36.35,1100,,,
2004/06/17 11:12:34,FILE,6.4,0,,,
2004/06/17 11:12:35,MRK,34,0,,,
2004/06/17 11:12:37,SWY,21.8,0,,,
2004/06/17 11:12:41,MRK,34.1,0,,,
2004/06/17 11:12:43,MRK,34.1,0,,,
2004/06/17 11:12:45,MRK,33.9,0,,,
2004/06/17 11:12:48,MRK,34.05,300,,,
2004/06/17 11:12:53,IBM,75.25,400,,,
2004/06/17 11:12:55,PFE,28.3,1300,,,
2004/06/17 11:12:57,EBAY,30.6,300,,,
2004/06/17 11:13:00,JPM,35.15,0,,,
2004/06/17 11:13:03,SWY,21.55,0,,,
2004/06/17 11:13:04,JPM,36.35,0,,,
2004/06/17 11:13:07,FILE,6.4,0,,,
2004/06/17 11:13:08,MRK,34,0,,,
2004/06/17 11:13:09,SWY,21.8,300,,,
2004/06/17 11:13:13,MRK,34.1,200,,,
2004/06/17 11:13:14,MRK,34.1,400,,,
2004/06/17 11:13:19,MRK,33.9,400,,,
2004/06/17 11:13:19,MRK,34.05,1100,,,
2004/06/17 11:13:24,IBM,75.25,3200,,,
2004/06/17 11:13:27,PFE,28.3,300,,,
2004/06/17 11:13:30,EBAY,30.6,500,,,
2004/06/17 11:13:32,AAPL,35.15,100,,,
2004/06/17 11:13:34,SWY,21.55,5200,,,
2004/06/17 11:13:38,EBAY,30.44,100,,,
2004/06/17 11:13:41,JPM,36.35,200,,,
2004/06/17 11:13:42,FILE,6.4,400,,,
2004/06/17 11:13:46,EBAY,30.44,2800,,,
2004/06/17 11:13:47,FILE,6.49,1300,,,
2004/06/17 11:13:49,IBM,75.08,100,,,
2004/06/17 11:13:50,IBM,75.15,1000,,,
2004/06/17 11:13:51,SWY,21.7,5000,,,
2004/06/17 11:13:54,MW,37.08,100,,,
2004/06/17 11:13:55,EBAY,30.5,100,,,
2004/06/17 11:13:58,AAPL,35,1600,,,
2004/06/17 11:13:59,EBAY,29.95,100,,,
2004/06/17 11:14:03,MSFT,24.97,400,,,
2004/06/17 11:14:06,MSFT,24.97,400,,,
2004/06/17 11:14:08,JPM,36.25,400,,,
2004/06/17 11:14:11,JPM,36.35,0,,,
2004/06/17 11:14:15,FILE,6.4,0,,,
2004/06/17 11:14:17,MRK,34,0,,,
2004/06/17 11:14:17,SWY,21.8,0,,,
2004/06/17 11:14:19,FILE,6.49,0,,,
2004/06/17 11:14:23,IBM,75.08,0,,,
2004/06/17 11:14:25,IBM,75.15,0,,,
2004/06/17 11:14:28,SWY,21.7,0,,,
2004/06/17 11:14:30,JPM,36.1,1200,,,
2004/06/17 11:14:32,EBAY,30.5,100,,,
2004/06/17 11:14:36,AAPL,35,100,,,
2004/06/17 11:14:38,EBAY,29.95,400,,,
2004/06/17 11:14:42,MSFT,24.97,100,,,
2004/06/17 11:14:42,MSFT,24.97,300,,,
2004/06/17 11:14:47,JPM,36.25,2100,,,
2004/06/17 11:14:51,JPM,36.35,400,,,
2004/06/17 11:14:53,FILE,6.4,1600,,,
2004/06/17 11:14:55,MRK,34,500,,,
2004/06/17 11:14:59,SWY,21.8,1600,,,
2004/06/17 11:15:01,MRK,34.1,200,,,
2004/06/17 11:15:03,MRK,34.25,200,,,
2004/06/17 11:15:04,MRK,33.9,300,,,
2004/06/17 11:15:06,MRK,34.05,300,,,
2004/06/17 11:15:10,IBM,75.25,2300,,,
2004/06/17 11:15:14,PFE,28.3,200,,,
2004/06/17 11:15:15,EBAY,30.6,500,,,
2004/06/17 11:15:19,AAPL,35.15,100,,,
2004/06/17 11:15:20,SWY,21.55,100,,,
2004/06/17 11:15:20,EBAY,30.44,200,,,
2004/06/17 11:15:24,FILE,6.49,200,,,
2004/06/17 11:15:27,IBM,75.08,300,,,
2004/06/17 11:15:29,IBM,75.15,200,,,
2004/06/17 11:15:33,SWY,21.7,300,,,
2004/06/17 11:15:38,MW,37.08,100,,,
2004/06/17 11:15:41,EBAY,30.5,200,,,
2004/06/17 11:15:46,AAPL,35,200,,,
2004/06/17 11:15:48,EBAY,29.95,200,,,
2004/06/17 11:15:49,MSFT,24.97,200,,,
2004/06/17 11:15:52,MSFT,24.97,200,,,
2004/06/17 11:15:55,JPM,36.25,100,,,
2004/06/17 11:15:58,JPM,36.35,200,,,
2004/06/17 11:16:01,FILE,6.4,200,,,
2004/06/17 11:16:05,MRK,34,200,,,
2004/06/17 11:16:08,SWY,21.8,200,,,
2004/06/17 11:16:11,MRK,34.1,200,,,
2004/06/17 11:16:12,MRK,34.1,200,,,
2004/06/17 11:16:13,MRK,33.9,200,,,
2004/06/17 11:16:17,MRK,34.05,0,,,
2004/06/17 11:16:17,IBM,75.25,500,,,
2004/06/17 11:16:20,PFE,28.3,3200,,,
2004/06/17 11:16:21,EBAY,30.6,200,,,
2004/06/17 11:16:25,JPM,35.15,2300,,,
2004/06/17 11:16:28,SWY,21.55,2300,,,
2004/06/17 11:16:31,JPM,36.35,200,,,
2004/06/17 11:16:36,FILE,6.4,500,,,
2004/06/17 11:16:36,MRK,34,300,,,
2004/06/17 11:16:40,SWY,21.8,3200,,,
2004/06/17 11:16:42,MRK,34.1,2100,,,
2004/06/17 11:16:45,MRK,34.1,0,,,
2004/06/17 11:16:49,MRK,33.9,0,,,
2004/06/17 11:16:52,MRK,34.05,0,,,
2004/06/17 11:16:55,IBM,75.25,0,,,
2004/06/17 11:17:00,PFE,28.3,0,,,
2004/06/17 11:17:02,EBAY,30.6,100,,,
2004/06/17 11:17:02,AAPL,35.15,0,,,
2004/06/17 11:17:05,SWY,21.55,900,,,
2004/06/17 11:17:07,EBAY,30.44,300,,,
2004/06/17 11:17:09,FILE,6.49,300,,,
2004/06/17 11:17:11,IBM,75.08,200,,,
2004/06/17 11:17:14,IBM,75.15,200,,,
2004/06/17 11:17:15,SWY,21.7,600,,,
2004/06/17 11:17:16,MW,37.08,900,,,
2004/06/17 11:17:17,EBAY,30.5,100,,,
2004/06/17 11:17:18,AAPL,35,500,,,
2004/06/17 11:17:22,EBAY,29.95,100,,,
2004/06/17 11:17:26,MSFT,24.97,300,,,
2004/06/17 11:17:29,MSFT,24.97,200,,,
2004/06/17 11:17:33,JPM,36.25,200,,,
2004/06/17 11:17:34,EBAY,30.5,100,,,
2004/06/17 11:17:34,AAPL,35,100,,,
2004/06/17 11:17:38,EBAY,29.95,5200,,,
2004/06/17 11:17:40,MSFT,24.97,900,,,
2004/06/17 11:17:43,MSFT,24.97,0,,,
2004/06/17 11:17:47,JPM,36.25,300,,,
2004/06/17 11:17:48,JPM,36.35,300,,,
2004/06/17 11:17:50,FILE,6.4,2800,,,
2004/06/17 11:17:54,MRK,34,100,,,
2004/06/17 11:17:55,SWY,21.8,200,,,
2004/06/17 11:17:59,IBM,75.08,300,,,
2004/06/17 11:18:02,IBM,75.15,400,,,
2004/06/17 11:18:04,SWY,21.7,300,,,
2004/06/17 11:18:06,MW,37.08,500,,,
2004/06/17 11:18:08,EBAY,30.5,100,,,
2004/06/17 11:18:12,AAPL,35,200,,,
2004/06/17 11:18:13,EBAY,29.95,3200,,,
2004/06/17 11:18:18,MSFT,24.97,2000,,,
2004/06/17 11:18:20,MSFT,24.97,5300,,,
2004/06/17 11:18:24,JPM,36.25,300,,,
2004/06/17 11:18:25,JPM,36.35,200,,,
2004/06/17 11:18:29,FILE,6.4,100,,,
2004/06/17 11:18:31,MRK,34,900,,,
2004/06/17 11:18:31,SWY,21.8,900,,,
2004/06/17 11:18:34,MRK,34.1,10000,,,
2004/06/17 11:18:37,IBM,75.15,300,,,
2004/06/17 11:18:41,SWY,21.7,1000,,,
2004/06/17 11:18:43,MW,37.08,200,,,
2004/06/17 11:18:44,EBAY,30.5,100,,,
2004/06/17 11:18:49,AAPL,35,300,,,
2004/06/17 11:18:51,EBAY,29.95,300,,,
2004/06/17 11:18:52,MSFT,24.97,300,,,
2004/06/17 11:18:54,MSFT,24.97,0,,,
2004/06/17 11:18:55,JPM,36.25,900,,,
2004/06/17 11:18:57,JPM,36.35,300,,,
2004/06/17 11:19:00,FILE,6.4,300,,,
2004/06/17 11:19:03,MRK,34,200,,,
2004/06/17 11:19:05,SWY,21.8,900,,,
2004/06/17 11:19:07,MRK,34.1,900,,,
2004/06/17 11:19:11,MRK,34.1,300,,,
2004/06/17 11:19:14,MRK,33.9,900,,,
2004/06/17 11:19:18,MRK,34.05,900,,,
2004/06/17 11:19:22,IBM,75.25,200,,,
2004/06/17 11:19:22,PFE,28.3,100,,,
2004/06/17 11:19:26,EBAY,30.6,100,,,
2004/06/17 11:19:27,AAPL,35.15,200,,,
2004/06/17 11:19:31,SWY,21.55,200,,,
2004/06/17 11:19:34,EBAY,30.44,200,,,
2004/06/17 11:19:38,FILE,6.49,400,,,
2004/06/17 11:19:40,IBM,75.08,200,,,
2004/06/17 11:19:41,IBM,75.15,1400,,,
2004/06/17 11:19:45,SWY,21.7,1000,,,
2004/06/17 11:19:48,MW,37.08,200,,,
2004/06/17 11:19:49,EBAY,30.5,0,,,
2004/06/17 11:19:53,AAPL,35,0,,,
2004/06/17 11:19:57,EBAY,29.95,300,,,
2004/06/17 11:19:58,MSFT,24.97,300,,,
2004/06/17 11:20:00,MSFT,24.97,7300,,,
2004/06/17 11:20:01,JPM,36.25,1100,,,
2004/06/17 11:20:04,JPM,36.35,3200,,,
2004/06/17 11:20:08,FILE,6.4,100,,,
2004/06/17 11:20:12,MRK,34,100,,,
2004/06/17 11:20:16,SWY,21.8,400,,,
2004/06/17 11:20:18,MRK,34.1,100,,,
2004/06/17 11:20:19,MRK,34.1,0,,,
2004/06/17 11:20:22,MRK,33.9,0,,,
2004/06/17 11:20:23,MRK,34.05,100,,,
2004/06/17 11:20:25,IBM,75.25,200,,,
2004/06/17 11:20:30,PFE,28.3,1000,,,
2004/06/17 11:20:34,EBAY,30.6,300,,,
2004/06/17 11:20:38,AAPL,35.15,600,,,
2004/06/17 11:20:43,SWY,21.55,200,,,
2004/06/17 11:20:47,JPM,36.35,900,,,
2004/06/17 11:20:51,FILE,6.4,600,,,
2004/06/17 11:20:54,MRK,34,1100,,,
2004/06/17 11:20:55,SWY,21.8,200,,,
2004/06/17 11:20:59,MRK,34.1,100,,,
2004/06/17 11:21:00,MRK,34.1,300,,,
2004/06/17 11:21:04,MRK,33.9,600,,,
2004/06/17 11:21:05,MRK,34.05,700,,,
2004/06/17 11:21:08,IBM,75.25,2000,,,
2004/06/17 11:21:10,PFE,28.3,100,,,
2004/06/17 11:21:14,EBAY,30.6,0,,,
2004/06/17 11:21:17,AAPL,35.15,0,,,
2004/06/17 11:21:19,SWY,21.55,0,,,
2004/06/17 11:21:23,EBAY,30.44,0,,,
2004/06/17 11:21:26,FILE,6.49,0,,,
2004/06/17 11:21:29,IBM,75.08,300,,,
2004/06/17 11:21:32,IBM,75.15,500,,,
2004/06/17 11:21:34,SWY,21.7,300,,,
2004/06/17 11:21:38,MW,37.08,300,,,
2004/06/17 11:21:41,EBAY,30.5,300,,,
2004/06/17 11:21:43,AAPL,35,300,,,
2004/06/17 11:21:47,EBAY,29.95,300,,,
2004/06/17 11:21:48,MSFT,24.97,1000,,,
2004/06/17 11:21:48,MSFT,24.97,100,,,
2004/06/17 11:21:49,JPM,36.25,100,,,
2004/06/17 11:21:52,JPM,36.35,100,,,
2004/06/17 11:21:54,FILE,6.4,300,,,
2004/06/17 11:21:56,MRK,34,300,,,
2004/06/17 11:21:57,SWY,21.8,100,,,
2004/06/17 11:22:01,IBM,75.08,600,,,
2004/06/17 11:22:03,IBM,75.15,500,,,
2004/06/17 11:22:06,SWY,21.7,0,,,
2004/06/17 11:22:07,MW,37.08,100,,,
2004/06/17 11:22:11,EBAY,30.5,0,,,
2004/06/17 11:22:12,AAPL,35,100,,,
2004/06/17 11:22:13,EBAY,29.95,100,,,
2004/06/17 11:22:15,MSFT,24.97,300,,,
2004/06/17 11:22:19,MSFT,24.97,300,,,
2004/06/17 11:22:21,JPM,36.25,500,,,
2004/06/17 11:22:26,JPM,36.35,5000,,,
2004/06/17 11:22:29,FILE,6.4,600,,,
2004/06/17 11:22:32,MRK,34,100,,,
2004/06/17 11:22:32,SWY,21.8,100,,,
2004/06/17 11:22:34,MRK,34.1,800,,,
2004/06/17 11:22:38,MRK,34.1,2000,,,
2004/06/17 11:22:40,MRK,33.9,300,,,
2004/06/17 11:22:41,MRK,34.05,600,,,
2004/06/17 11:22:44,IBM,75.25,100,,,
2004/06/17 11:22:47,PFE,28.3,100,,,
2004/06/17 11:22:50,EBAY,30.6,100,,,
2004/06/17 11:22:51,AAPL,35.15,100,,,
2004/06/17 11:22:52,SWY,21.55,100,,,
2004/06/17 11:22:54,EBAY,30.44,100,,,
2004/06/17 11:22:58,FILE,6.49,0,,,
2004/06/17 11:22:59,IBM,75.08,200,,,
2004/06/17 11:23:02,IBM,75.15,2100,,,
2004/06/17 11:23:03,SWY,21.7,200,,,
2004/06/17 11:23:07,MW,37.08,300,,,
2004/06/17 11:23:11,EBAY,30.5,1000,,,
2004/06/17 11:23:15,AAPL,35,300,,,
2004/06/17 11:23:17,EBAY,29.95,100,,,
2004/06/17 11:23:21,MSFT,24.97,700,,,
2004/06/17 11:23:23,MSFT,24.97,700,,,
2004/06/17 11:23:28,JPM,36.25,100,,,
2004/06/17 11:23:29,IBM,75.08,100,,,
2004/06/17 11:23:33,IBM,75.15,500,,,
2004/06/17 11:23:36,SWY,21.7,300,,,
2004/06/17 11:23:37,MW,37.08,200,,,
2004/06/17 11:23:42,EBAY,30.5,100,,,
2004/06/17 11:23:46,AAPL,35,100,,,
2004/06/17 11:23:49,EBAY,29.95,100,,,
2004/06/17 11:23:50,MSFT,24.97,300,,,
2004/06/17 11:23:51,MSFT,24.97,300,,,
2004/06/17 11:23:53,JPM,36.25,100,,,
2004/06/17 11:23:55,JPM,36.35,100,,,
2004/06/17 11:23:57,FILE,6.4,100,,,
2004/06/17 11:23:59,MRK,34,100,,,
2004/06/17 11:24:03,SWY,21.8,100,,,
2004/06/17 11:24:07,IBM,75.08,300,,,
2004/06/17 11:24:10,IBM,75.15,700,,,
2004/06/17 11:24:13,SWY,21.7,100,,,
2004/06/17 11:24:14,MW,37.08,200,,,
2004/06/17 11:24:18,EBAY,30.5,200,,,
2004/06/17 11:24:21,AAPL,35,100,,,
2004/06/17 11:24:22,EBAY,29.95,100,,,
2004/06/17 11:24:24,MSFT,24.97,3200,,,
2004/06/17 11:24:26,MSFT,24.97,100,,,
2004/06/17 11:24:26,JPM,36.25,100,,,
2004/06/17 11:24:30,JPM,36.35,0,,,
2004/06/17 11:24:33,FILE,6.4,0,,,
2004/06/17 11:24:35,EBAY,30.44,0,,,
2004/06/17 11:24:38,FILE,6.49,100,,,
2004/06/17 11:24:41,IBM,75.08,600,,,
2004/06/17 11:24:46,IBM,75.15,100,,,
2004/06/17 11:24:48,SWY,21.7,100,,,
2004/06/17 11:24:50,MW,37.08,1300,,,
2004/06/17 11:24:54,EBAY,30.5,600,,,
2004/06/17 11:24:58,AAPL,35,100,,,
2004/06/17 11:24:59,EBAY,29.95,100,,,
2004/06/17 11:25:00,MSFT,24.97,100,,,
2004/06/17 11:25:01,MSFT,24.97,100,,,
2004/06/17 11:25:04,JPM,36.25,600,,,
2004/06/17 11:25:07,JPM,36.35,300,,,
2004/06/17 11:25:11,FILE,6.4,100,,,
2004/06/17 11:25:12,MRK,34,1200,,,
2004/06/17 11:25:16,SWY,21.8,100,,,
2004/06/17 11:25:17,FILE,6.49,100,,,
2004/06/17 11:25:22,IBM,75.08,100,,,
2004/06/17 11:25:24,IBM,75.15,100,,,
2004/06/17 11:25:25,SWY,21.7,100,,,
2004/06/17 11:25:28,MW,37.08,600,,,
2004/06/17 11:25:30,EBAY,30.5,600,,,
2004/06/17 11:25:33,AAPL,35,600,,,
2004/06/17 11:25:35,EBAY,29.95,300,,,
2004/06/17 11:25:39,MSFT,24.97,300,,,
2004/06/17 11:25:40,MSFT,24.97,1100,,,
2004/06/17 11:25:41,JPM,36.25,300,,,
2004/06/17 11:25:43,JPM,36.35,200,,,
2004/06/17 11:25:47,FILE,6.4,300,,,
2004/06/17 11:25:49,MRK,34,100,,,
2004/06/17 11:25:51,SWY,21.8,100,,,
2004/06/17 11:25:54,MRK,34.1,100,,,
2004/06/17 11:25:55,MRK,34.1,10000,,,
2004/06/17 11:25:57,MRK,33.9,0,,,
2004/06/17 11:26:02,MRK,34.05,300,,,
2004/06/17 11:26:02,IBM,75.25,500,,,
2004/06/17 11:26:04,PFE,28.3,400,,,
2004/06/17 11:26:08,EBAY,30.6,100,,,
2004/06/17 11:26:10,AAPL,35.15,100,,,
2004/06/17 11:26:14,SWY,21.55,500,,,
2004/06/17 11:26:18,EBAY,30.44,2200,,,
2004/06/17 11:26:19,FILE,6.49,200,,,
2004/06/17 11:26:21,IBM,75.3,500,,,
2004/06/17 11:26:22,IBM,75.35,700,,,
2004/06/17 11:26:25,SWY,21.7,300,,,
2004/06/17 11:26:26,MW,37.08,500,,,
2004/06/17 11:26:28,EBAY,30.5,200,,,
2004/06/17 11:26:32,AAPL,35,200,,,
2004/06/17 11:26:36,EBAY,29.95,200,,,
2004/06/17 11:26:40,MSFT,24.97,200,,,
2004/06/17 11:26:41,MSFT,24.97,3200,,,
2004/06/17 11:26:46,JPM,36.25,800,,,
2004/06/17 11:26:46,JPM,36.35,3900,,,
2004/06/17 11:26:51,FILE,6.4,100,,,
2004/06/17 11:26:52,MRK,34,100,,,
2004/06/17 11:26:56,SWY,21.8,100,,,
2004/06/17 11:26:59,MRK,34.1,3400,,,